<?xml version="1.0" encoding="UTF-8"?>
<!DOCTYPE html PUBLIC "-//W3C//DTD XHTML 1.0 Transitional//EN"
    "http://www.w3.org/TR/xhtml1/DTD/xhtml1-transitional.dtd">
<html xmlns="http://www.w3.org/1999/xhtml" xml:lang="en" lang="en">
 <head>
  <title>
</title>
<meta http-equiv="Content-Type" content="text/html;charset=utf-8" />
  <meta name='ocr-system' content='tesseract 3.04.00' />
  <meta name='ocr-capabilities' content='ocr_page ocr_carea ocr_par ocr_line ocrx_word'/>
</head>
<body>
  <div class='ocr_page' id='page_1' title='image "./quaestionesarch00bahngoog_0060.png"; bbox 0 0 3186 5106; ppageno 0'>
   <div class='ocr_carea' id='block_1_1' title="bbox 712 390 755 491">
    <p class='ocr_par' dir='ltr' id='par_1_1' title="bbox 712 390 755 491">
     <span class='ocr_line' id='line_1_1' title="bbox 712 390 755 491; baseline -0.023 0"><span class='ocrx_word' id='word_1_1' title='bbox 712 390 755 491; x_wconf 72' lang='lat' dir='ltr'><strong>a</strong></span> 
     </span>
    </p>
   </div>
   <div class='ocr_carea' id='block_1_2' title="bbox 157 589 1311 1234">
    <p class='ocr_par' dir='ltr' id='par_1_2' title="bbox 157 589 1311 1234">
     <span class='ocr_line' id='line_1_2' title="bbox 157 589 1308 692; baseline 0.004 -29"><span class='ocrx_word' id='word_1_2' title='bbox 157 594 287 692; x_wconf 83' lang='lat' dir='ltr'><strong>legitur</strong></span> <span class='ocrx_word' id='word_1_3' title='bbox 302 597 483 685; x_wconf 86' lang='lat' dir='ltr'><strong>scriptura</strong></span> <span class='ocrx_word' id='word_1_4' title='bbox 505 597 711 666; x_wconf 71' lang='lat' dir='ltr'><strong>dubitationi</strong></span> <span class='ocrx_word' id='word_1_5' title='bbox 735 599 887 683; x_wconf 86' lang='lat' dir='ltr'><strong>obnoxia,</strong></span> <span class='ocrx_word' id='word_1_6' title='bbox 918 623 950 672; x_wconf 79' lang='lat' dir='ltr'><strong>v.</strong></span> <span class='ocrx_word' id='word_1_7' title='bbox 975 598 1150 684; x_wconf 83' lang='lat' dir='ltr'><strong>Schulzius</strong></span> <span class='ocrx_word' id='word_1_8' title='bbox 1175 623 1231 689; x_wconf 56' lang='lat' dir='ltr'><strong>que</strong></span> <span class='ocrx_word' id='word_1_9' title='bbox 1253 589 1308 690; x_wconf 81' lang='grc' dir='ltr'><strong>ορ.Ι</strong></span> 
     </span>
     <span class='ocr_line' id='line_1_3' title="bbox 157 702 1308 798; baseline 0.005 -25"><span class='ocrx_word' id='word_1_10' title='bbox 157 702 244 778; x_wconf 76' lang='grc' dir='ltr'>205ι.</span> <span class='ocrx_word' id='word_1_11' title='bbox 306 708 488 796; x_wconf 71' lang='grc' dir='ltr'>διθύραμβος</span> <span class='ocrx_word' id='word_1_12' title='bbox 505 718 583 776; x_wconf 89' lang='lat' dir='ltr'><strong>ante</strong></span> <span class='ocrx_word' id='word_1_13' title='bbox 600 708 840 776; x_wconf 80' lang='lat' dir='ltr'><strong>Archilochum</strong></span> <span class='ocrx_word' id='word_1_14' title='bbox 855 732 922 776; x_wconf 91' lang='lat' dir='ltr'><strong>non</strong></span> <span class='ocrx_word' id='word_1_15' title='bbox 940 709 1122 793; x_wconf 88' lang='lat' dir='ltr'><strong>invenitur,</strong></span> <span class='ocrx_word' id='word_1_16' title='bbox 1140 733 1206 798; x_wconf 91' lang='lat' dir='ltr'><strong>qua</strong></span> <span class='ocrx_word' id='word_1_17' title='bbox 1224 703 1308 779; x_wconf 90' lang='lat' dir='ltr'><strong>voce</strong></span> 
     </span>
     <span class='ocr_line' id='line_1_4' title="bbox 161 807 1311 907; baseline 0.003 -24"><span class='ocrx_word' id='word_1_18' title='bbox 161 816 316 885; x_wconf 89' lang='lat' dir='ltr'><strong>hocloco</strong></span> <span class='ocrx_word' id='word_1_19' title='bbox 339 817 436 906; x_wconf 90' lang='lat' dir='ltr'><strong>unius</strong></span> <span class='ocrx_word' id='word_1_20' title='bbox 461 817 602 885; x_wconf 87' lang='lat' dir='ltr'><strong>hominis</strong></span> <span class='ocrx_word' id='word_1_21' title='bbox 633 807 768 885; x_wconf 86' lang='lat' dir='ltr'><strong>cantum</strong></span> <span class='ocrx_word' id='word_1_22' title='bbox 799 818 985 905; x_wconf 85' lang='lat' dir='ltr'><strong>significari</strong></span> <span class='ocrx_word' id='word_1_23' title='bbox 1016 829 1170 907; x_wconf 88' lang='lat' dir='ltr'><strong>apparet.</strong></span> <span class='ocrx_word' id='word_1_24' title='bbox 1205 809 1311 887; x_wconf 75' lang='grc' dir='ltr'>ολίαιιι</span> 
     </span>
     <span class='ocr_line' id='line_1_5' title="bbox 161 923 1304 1016; baseline 0.003 -23"><span class='ocrx_word' id='word_1_25' title='bbox 161 923 305 993; x_wconf 85' lang='lat' dir='ltr'><strong>alioruin</strong></span> <span class='ocrx_word' id='word_1_26' title='bbox 326 927 485 1012; x_wconf 84' lang='lat' dir='ltr'><strong>cultuum,</strong></span> <span class='ocrx_word' id='word_1_27' title='bbox 511 927 629 1015; x_wconf 90' lang='lat' dir='ltr'><strong>quibus</strong></span> <span class='ocrx_word' id='word_1_28' title='bbox 652 926 688 993; x_wconf 92' lang='lat' dir='ltr'><strong>iu</strong></span> <span class='ocrx_word' id='word_1_29' title='bbox 711 928 804 1016; x_wconf 88' lang='lat' dir='ltr'><strong>epica</strong></span> <span class='ocrx_word' id='word_1_30' title='bbox 827 929 921 1016; x_wconf 89' lang='lat' dir='ltr'><strong>poesi</strong></span> <span class='ocrx_word' id='word_1_31' title='bbox 943 928 1036 995; x_wconf 89' lang='lat' dir='ltr'><strong>locus</strong></span> <span class='ocrx_word' id='word_1_32' title='bbox 1059 951 1126 995; x_wconf 92' lang='lat' dir='ltr'><strong>nou</strong></span> <span class='ocrx_word' id='word_1_33' title='bbox 1148 928 1304 1013; x_wconf 84' lang='lat' dir='ltr'><strong>dabatur,</strong></span> 
     </span>
     <span class='ocr_line' id='line_1_6' title="bbox 161 1035 1304 1125; baseline 0.003 -22"><span class='ocrx_word' id='word_1_34' title='bbox 161 1035 307 1122; x_wconf 82' lang='lat' dir='ltr'><strong>vestigia</strong></span> <span class='ocrx_word' id='word_1_35' title='bbox 343 1035 583 1117; x_wconf 87' lang='lat' dir='ltr'><strong>inveniuntur;</strong></span> <span class='ocrx_word' id='word_1_36' title='bbox 622 1037 659 1102; x_wconf 91' lang='lat' dir='ltr'><strong>iu</strong></span> <span class='ocrx_word' id='word_1_37' title='bbox 692 1037 862 1125; x_wconf 85' lang='lat' dir='ltr'><strong>Apollinis</strong></span> <span class='ocrx_word' id='word_1_38' title='bbox 901 1036 972 1105; x_wconf 89' lang='lat' dir='ltr'><strong>sine</strong></span> <span class='ocrx_word' id='word_1_39' title='bbox 1006 1037 1106 1104; x_wconf 91' lang='lat' dir='ltr'><strong>dubio</strong></span> <span class='ocrx_word' id='word_1_40' title='bbox 1144 1038 1304 1106; x_wconf 83' lang='lat' dir='ltr'><strong>honorem</strong></span> 
     </span>
     <span class='ocr_line' id='line_1_7' title="bbox 162 1146 445 1234; baseline 0 -22"><span class='ocrx_word' id='word_1_41' title='bbox 162 1149 264 1234; x_wconf 89' lang='lat' dir='ltr'><strong>poeta</strong></span> <span class='ocrx_word' id='word_1_42' title='bbox 289 1146 380 1215; x_wconf 92' lang='lat' dir='ltr'><strong>canit</strong></span> <span class='ocrx_word' id='word_1_43' title='bbox 403 1147 445 1212; x_wconf 86' lang='grc'><strong>76</strong></span> 
     </span>
    </p>
   </div>
   <div class='ocr_carea' id='block_1_3' title="bbox 160 1275 1316 4343">
    <p class='ocr_par' dir='ltr' id='par_1_3' title="bbox 220 1275 1095 1365">
     <span class='ocr_line' id='line_1_8' title="bbox 220 1275 1095 1365; baseline 0.002 -21"><span class='ocrx_word' id='word_1_44' title='bbox 220 1340 223 1350; x_wconf 80' lang='grc'>,</span> <span class='ocrx_word' id='word_1_45' title='bbox 300 1277 406 1352; x_wconf 77' lang='grc' dir='ltr'>αὐτὸς</span> <span class='ocrx_word' id='word_1_46' title='bbox 429 1275 563 1365; x_wconf 82' lang='grc' dir='ltr'>ἐξάρχων</span> <span class='ocrx_word' id='word_1_47' title='bbox 586 1277 657 1365; x_wconf 77' lang='grc' dir='ltr'>πρὸς</span> <span class='ocrx_word' id='word_1_48' title='bbox 681 1278 770 1343; x_wconf 82' lang='grc' dir='ltr'>αὐλὸν</span> <span class='ocrx_word' id='word_1_49' title='bbox 794 1279 924 1364; x_wconf 81' lang='grc' dir='ltr'>Λέσβιον</span> <span class='ocrx_word' id='word_1_50' title='bbox 949 1281 1095 1364; x_wconf 76' lang='grc' dir='ltr'>παιήονατ</span> 
     </span>
    </p>

    <p class='ocr_par' dir='ltr' id='par_1_4' title="bbox 160 1408 1307 2160">
     <span class='ocr_line' id='line_1_9' title="bbox 160 1408 1302 1498; baseline 0.004 -23"><span class='ocrx_word' id='word_1_51' title='bbox 160 1431 237 1476; x_wconf 90' lang='lat' dir='ltr'><strong>nam</strong></span> <span class='ocrx_word' id='word_1_52' title='bbox 267 1409 338 1477; x_wconf 84' lang='lat' dir='ltr'><strong>eius</strong></span> <span class='ocrx_word' id='word_1_53' title='bbox 367 1408 454 1476; x_wconf 86' lang='lat' dir='ltr'><strong>diem</strong></span> <span class='ocrx_word' id='word_1_54' title='bbox 483 1409 609 1477; x_wconf 88' lang='lat' dir='ltr'><strong>festum</strong></span> <span class='ocrx_word' id='word_1_55' title='bbox 639 1410 804 1477; x_wconf 84' lang='lat' dir='ltr'><strong>celebrari</strong></span> <span class='ocrx_word' id='word_1_56' title='bbox 833 1409 984 1478; x_wconf 74' lang='lat' dir='ltr'><strong>Ostendit</strong></span> <span class='ocrx_word' id='word_1_57' title='bbox 1006 1411 1143 1498; x_wconf 87' lang='lat' dir='ltr'><strong>paeanis</strong></span> <span class='ocrx_word' id='word_1_58' title='bbox 1167 1435 1302 1479; x_wconf 88' lang='lat' dir='ltr'><strong>nomen:</strong></span> 
     </span>
     <span class='ocr_line' id='line_1_10' title="bbox 162 1505 1307 1608; baseline 0.005 -25"><span class='ocrx_word' id='word_1_59' title='bbox 162 1519 250 1606; x_wconf 89' lang='lat' dir='ltr'><strong>quod</strong></span> <span class='ocrx_word' id='word_1_60' title='bbox 287 1505 406 1596; x_wconf 84' lang='lat' dir='ltr'><strong>nomen</strong></span> <span class='ocrx_word' id='word_1_61' title='bbox 443 1519 617 1586; x_wconf 90' lang='lat' dir='ltr'><strong>invenitur</strong></span> <span class='ocrx_word' id='word_1_62' title='bbox 651 1518 756 1585; x_wconf 78' lang='lat' dir='ltr'><strong>A473</strong></span> <span class='ocrx_word' id='word_1_63' title='bbox 790 1519 917 1603; x_wconf 68' lang='lat' dir='ltr'><strong>mccl,</strong></span> <span class='ocrx_word' id='word_1_64' title='bbox 953 1519 1080 1587; x_wconf 84' lang='lat' dir='ltr'><strong>Cretici</strong></span> <span class='ocrx_word' id='word_1_65' title='bbox 1108 1522 1246 1608; x_wconf 88' lang='lat' dir='ltr'><strong>pacanis</strong></span> <span class='ocrx_word' id='word_1_66' title='bbox 1275 1523 1307 1589; x_wconf 93' lang='lat' dir='ltr'><strong>h.</strong></span> 
     </span>
     <span class='ocr_line' id='line_1_11' title="bbox 160 1609 1306 1716; baseline 0.005 -23"><span class='ocrx_word' id='word_1_67' title='bbox 160 1627 226 1714; x_wconf 90' lang='lat' dir='ltr'><strong>Ap.</strong></span> <span class='ocrx_word' id='word_1_68' title='bbox 243 1609 321 1712; x_wconf 54' lang='lat'><strong>518}</strong></span> <span class='ocrx_word' id='word_1_69' title='bbox 356 1628 484 1714; x_wconf 82' lang='grc' dir='ltr'>Λέσβιος</span> <span class='ocrx_word' id='word_1_70' title='bbox 511 1631 629 1713; x_wconf 71' lang='grc' dir='ltr'>παιήων</span> <span class='ocrx_word' id='word_1_71' title='bbox 658 1628 747 1716; x_wconf 87' lang='lat' dir='ltr'><strong>apud</strong></span> <span class='ocrx_word' id='word_1_72' title='bbox 770 1612 1009 1695; x_wconf 82' lang='lat' dir='ltr'><strong>Archilochum</strong></span> <span class='ocrx_word' id='word_1_73' title='bbox 1039 1630 1146 1697; x_wconf 89' lang='lat' dir='ltr'><strong>solum</strong></span> <span class='ocrx_word' id='word_1_74' title='bbox 1169 1653 1306 1699; x_wconf 89' lang='lat' dir='ltr'><strong>comme·</strong></span> 
     </span>
     <span class='ocr_line' id='line_1_12' title="bbox 163 1733 1307 1826; baseline 0.006 -24"><span class='ocrx_word' id='word_1_75' title='bbox 163 1741 328 1804; x_wconf 87' lang='lat' dir='ltr'><strong>moratur.</strong></span> <span class='ocrx_word' id='word_1_76' title='bbox 359 1736 477 1825; x_wconf 80' lang='grc' dir='ltr'>ἐξάρχω</span> <span class='ocrx_word' id='word_1_77' title='bbox 501 1733 590 1826; x_wconf 80' lang='lat' dir='ltr'><strong>apud</strong></span> <span class='ocrx_word' id='word_1_78' title='bbox 605 1739 788 1804; x_wconf 85' lang='lat' dir='ltr'><strong>Homerum</strong></span> <span class='ocrx_word' id='word_1_79' title='bbox 805 1737 830 1802; x_wconf 90' lang='lat' dir='ltr'>B</span> <span class='ocrx_word' id='word_1_80' title='bbox 847 1739 910 1804; x_wconf 80' lang='lat'><strong>273</strong></span> <span class='ocrx_word' id='word_1_81' title='bbox 935 1760 1007 1805; x_wconf 92' lang='lat' dir='ltr'><strong>cum</strong></span> <span class='ocrx_word' id='word_1_82' title='bbox 1023 1740 1215 1808; x_wconf 85' lang='lat' dir='ltr'><strong>accusativo</strong></span> <span class='ocrx_word' id='word_1_83' title='bbox 1232 1765 1307 1809; x_wconf 91' lang='lat' dir='ltr'><strong>con·</strong></span> 
     </span>
     <span class='ocr_line' id='line_1_13' title="bbox 162 1845 1305 1934; baseline 0.003 -21"><span class='ocrx_word' id='word_1_84' title='bbox 162 1847 315 1933; x_wconf 89' lang='lat' dir='ltr'><strong>iungitur</strong></span> <span class='ocrx_word' id='word_1_85' title='bbox 340 1845 446 1933; x_wconf 83' lang='grc' dir='ltr'>βουλάς</span> <span class='ocrx_word' id='word_1_86' title='bbox 463 1847 596 1934; x_wconf 81' lang='grc' dir='ltr'>ἐξάρχων</span> <span class='ocrx_word' id='word_1_87' title='bbox 617 1849 661 1929; x_wconf 75' lang='lat'><strong>¹²),</strong></span> <span class='ocrx_word' id='word_1_88' title='bbox 686 1848 808 1915; x_wconf 89' lang='lat' dir='ltr'><strong>ceteris</strong></span> <span class='ocrx_word' id='word_1_89' title='bbox 825 1847 907 1914; x_wconf 89' lang='lat' dir='ltr'><strong>locis</strong></span> <span class='ocrx_word' id='word_1_90' title='bbox 925 1871 998 1914; x_wconf 89' lang='lat' dir='ltr'><strong>cum</strong></span> <span class='ocrx_word' id='word_1_91' title='bbox 1015 1848 1182 1916; x_wconf 81' lang='lat' dir='ltr'><strong>Genetivo</strong></span> <span class='ocrx_word' id='word_1_92' title='bbox 1205 1874 1305 1918; x_wconf 89' lang='lat' dir='ltr'><strong>sensu</strong></span> 
     </span>
     <span class='ocr_line' id='line_1_14' title="bbox 162 1955 1304 2045; baseline 0.002 -23"><span class='ocrx_word' id='word_1_93' title='bbox 162 1955 313 2039; x_wconf 86' lang='lat' dir='ltr'><strong>diverso,</strong></span> <span class='ocrx_word' id='word_1_94' title='bbox 351 1957 528 2024; x_wconf 83' lang='lat' dir='ltr'><strong>chaibel.</strong></span> <span class='ocrx_word' id='word_1_95' title='bbox 550 1957 814 2045; x_wconf 67' lang='lat' dir='ltr'><strong>cephaliam</strong></span> <span class='ocrx_word' id='word_1_96' title='bbox 850 1957 953 2022; x_wconf 76' lang='lat' dir='ltr'><strong>cum</strong></span> <span class='ocrx_word' id='word_1_97' title='bbox 985 1957 1160 2043; x_wconf 60' lang='lat' dir='ltr'><strong>dortohrf</strong></span> <span class='ocrx_word' id='word_1_98' title='bbox 1185 1961 1304 2045; x_wconf 73' lang='grc' dir='ltr'>θρήνων</span> 
     </span>
     <span class='ocr_line' id='line_1_15' title="bbox 165 2065 1139 2160; baseline 0.012 -31"><span class='ocrx_word' id='word_1_99' title='bbox 165 2065 305 2152; x_wconf 86' lang='grc' dir='ltr'>ἐξάρχους</span> <span class='ocrx_word' id='word_1_100' title='bbox 328 2065 524 2134; x_wconf 79' lang='lat' dir='ltr'><strong>invenimus,</strong></span> <span class='ocrx_word' id='word_1_101' title='bbox 1136 2152 1139 2160; x_wconf 19' lang='lat' dir='ltr'><em>ff</em></span> 
     </span>
    </p>

    <p class='ocr_par' dir='ltr' id='par_1_5' title="bbox 162 2175 1316 4343">
     <span class='ocr_line' id='line_1_16' title="bbox 248 2175 1308 2267; baseline 0.003 -25"><span class='ocrx_word' id='word_1_102' title='bbox 248 2175 344 2242; x_wconf 84' lang='lat' dir='ltr'><strong>Mare</strong></span> <span class='ocrx_word' id='word_1_103' title='bbox 376 2179 411 2243; x_wconf 90' lang='lat' dir='ltr'><strong>et</strong></span> <span class='ocrx_word' id='word_1_104' title='bbox 441 2198 525 2267; x_wconf 89' lang='lat' dir='ltr'><strong>quae</strong></span> <span class='ocrx_word' id='word_1_105' title='bbox 557 2199 629 2242; x_wconf 92' lang='lat' dir='ltr'><strong>cum</strong></span> <span class='ocrx_word' id='word_1_106' title='bbox 660 2198 697 2242; x_wconf 90' lang='lat' dir='ltr'><strong>eo</strong></span> <span class='ocrx_word' id='word_1_107' title='bbox 730 2176 912 2243; x_wconf 78' lang='lat' dir='ltr'><strong>cohaerent</strong></span> <span class='ocrx_word' id='word_1_108' title='bbox 939 2177 1028 2264; x_wconf 91' lang='lat' dir='ltr'><strong>apud</strong></span> <span class='ocrx_word' id='word_1_109' title='bbox 1061 2177 1244 2242; x_wconf 89' lang='lat' dir='ltr'><strong>Homerum</strong></span> <span class='ocrx_word' id='word_1_110' title='bbox 1274 2184 1308 2245; x_wconf 91' lang='lat' dir='ltr'><strong>et</strong></span> 
     </span>
     <span class='ocr_line' id='line_1_17' title="bbox 163 2270 1308 2374; baseline 0.002 -24"><span class='ocrx_word' id='word_1_111' title='bbox 163 2284 402 2352; x_wconf 91' lang='lat' dir='ltr'><strong>Archilochum</strong></span> <span class='ocrx_word' id='word_1_112' title='bbox 436 2270 639 2353; x_wconf 81' lang='lat' dir='ltr'><strong>creberrime</strong></span> <span class='ocrx_word' id='word_1_113' title='bbox 674 2289 984 2352; x_wconf 89' lang='lat' dir='ltr'><strong>commemorantur.</strong></span> <span class='ocrx_word' id='word_1_114' title='bbox 1020 2308 1057 2351; x_wconf 91' lang='lat' dir='ltr'><strong>eo</strong></span> <span class='ocrx_word' id='word_1_115' title='bbox 1094 2286 1219 2353; x_wconf 88' lang='lat' dir='ltr'><strong>clarius</strong></span> <span class='ocrx_word' id='word_1_116' title='bbox 1252 2309 1308 2374; x_wconf 90' lang='lat' dir='ltr'><strong>ap-</strong></span> 
     </span>
     <span class='ocr_line' id='line_1_18' title="bbox 163 2395 1308 2484; baseline 0.001 -23"><span class='ocrx_word' id='word_1_117' title='bbox 163 2399 272 2482; x_wconf 84' lang='lat' dir='ltr'><strong>paret,</strong></span> <span class='ocrx_word' id='word_1_118' title='bbox 308 2395 471 2482; x_wconf 89' lang='lat' dir='ltr'><strong>quomodo</strong></span> <span class='ocrx_word' id='word_1_119' title='bbox 495 2395 717 2461; x_wconf 87' lang='lat' dir='ltr'><strong>Archilochus</strong></span> <span class='ocrx_word' id='word_1_120' title='bbox 752 2395 879 2482; x_wconf 90' lang='lat' dir='ltr'><strong>epicum</strong></span> <span class='ocrx_word' id='word_1_121' title='bbox 917 2418 1103 2462; x_wconf 89' lang='lat' dir='ltr'><strong>sermonem</strong></span> <span class='ocrx_word' id='word_1_122' title='bbox 1137 2400 1308 2484; x_wconf 86' lang='lat' dir='ltr'><strong>sequatur,</strong></span> 
     </span>
     <span class='ocr_line' id='line_1_19' title="bbox 166 2504 1308 2593; baseline 0.002 -24"><span class='ocrx_word' id='word_1_123' title='bbox 166 2504 329 2591; x_wconf 90' lang='lat' dir='ltr'><strong>quomodo</strong></span> <span class='ocrx_word' id='word_1_124' title='bbox 353 2507 394 2571; x_wconf 91' lang='lat' dir='ltr'><strong>ab</strong></span> <span class='ocrx_word' id='word_1_125' title='bbox 418 2528 456 2572; x_wconf 90' lang='lat' dir='ltr'><strong>eo</strong></span> <span class='ocrx_word' id='word_1_126' title='bbox 481 2505 629 2572; x_wconf 86' lang='lat' dir='ltr'><strong>differat.</strong></span> <span class='ocrx_word' id='word_1_127' title='bbox 662 2527 754 2571; x_wconf 87' lang='lat' dir='ltr'><strong>mare</strong></span> <span class='ocrx_word' id='word_1_128' title='bbox 777 2526 843 2592; x_wconf 90' lang='lat' dir='ltr'><strong>qua</strong></span> <span class='ocrx_word' id='word_1_129' title='bbox 865 2505 954 2593; x_wconf 88' lang='lat' dir='ltr'><strong>apud</strong></span> <span class='ocrx_word' id='word_1_130' title='bbox 969 2504 1152 2570; x_wconf 87' lang='lat' dir='ltr'><strong>Homerum</strong></span> <span class='ocrx_word' id='word_1_131' title='bbox 1171 2505 1308 2572; x_wconf 92' lang='lat' dir='ltr'><strong>circum·</strong></span> 
     </span>
     <span class='ocr_line' id='line_1_20' title="bbox 167 2613 1309 2700; baseline 0.004 -21"><span class='ocrx_word' id='word_1_132' title='bbox 167 2613 331 2681; x_wconf 75' lang='lat' dir='ltr'><strong>scribitur</strong></span> <span class='ocrx_word' id='word_1_133' title='bbox 367 2614 478 2700; x_wconf 82' lang='lat' dir='ltr'><strong>figura</strong></span> <span class='ocrx_word' id='word_1_134' title='bbox 515 2624 594 2700; x_wconf 79' lang='grc' dir='ltr'>κῦμα</span> <span class='ocrx_word' id='word_1_135' title='bbox 631 2614 860 2700; x_wconf 77' lang='grc' dir='ltr'>πολυφλοίσβοιο</span> <span class='ocrx_word' id='word_1_136' title='bbox 894 2615 1049 2699; x_wconf 70' lang='grc' dir='ltr'>θαλάσσης</span> <span class='ocrx_word' id='word_1_137' title='bbox 1083 2613 1193 2681; x_wconf 79' lang='grc' dir='ltr'>Β209</span> <span class='ocrx_word' id='word_1_138' title='bbox 1225 2615 1256 2680; x_wconf 92' lang='lat' dir='ltr'><strong>h.</strong></span> <span class='ocrx_word' id='word_1_139' title='bbox 1274 2616 1309 2684; x_wconf 75' lang='lat'><strong>64</strong></span> 
     </span>
     <span class='ocr_line' id='line_1_21' title="bbox 166 2721 1309 2812; baseline 0.001 -23"><span class='ocrx_word' id='word_1_140' title='bbox 166 2721 270 2811; x_wconf 83' lang='lat' dir='ltr'><strong>Cypr.</strong></span> <span class='ocrx_word' id='word_1_141' title='bbox 288 2724 322 2789; x_wconf 86' lang='lat' dir='ltr'><strong>fr</strong></span> <span class='ocrx_word' id='word_1_142' title='bbox 338 2724 371 2793; x_wconf 77' lang='lat' dir='ltr'><strong>a</strong></span> <span class='ocrx_word' id='word_1_143' title='bbox 395 2722 451 2789; x_wconf 89' lang='lat' dir='ltr'><strong>Ki.</strong></span> <span class='ocrx_word' id='word_1_144' title='bbox 476 2723 592 2791; x_wconf 90' lang='lat' dir='ltr'><strong>cadem</strong></span> <span class='ocrx_word' id='word_1_145' title='bbox 615 2723 704 2810; x_wconf 89' lang='lat' dir='ltr'><strong>apud</strong></span> <span class='ocrx_word' id='word_1_146' title='bbox 719 2722 958 2789; x_wconf 90' lang='lat' dir='ltr'><strong>Archilochum</strong></span> <span class='ocrx_word' id='word_1_147' title='bbox 975 2724 1018 2792; x_wconf 69' lang='lat'><strong>9³.</strong></span> <span class='ocrx_word' id='word_1_148' title='bbox 1078 2724 1189 2809; x_wconf 86' lang='lat' dir='ltr'><strong>figura</strong></span> <span class='ocrx_word' id='word_1_149' title='bbox 1216 2723 1309 2812; x_wconf 88' lang='lat' dir='ltr'><strong>epica</strong></span> 
     </span>
     <span class='ocr_line' id='line_1_22' title="bbox 164 2830 1309 2920; baseline -0.002 -21"><span class='ocrx_word' id='word_1_150' title='bbox 164 2835 218 2899; x_wconf 89' lang='lat' dir='ltr'><strong>est</strong></span> <span class='ocrx_word' id='word_1_151' title='bbox 247 2830 317 2903; x_wconf 84' lang='grc' dir='ltr'>ἁλὸς</span> <span class='ocrx_word' id='word_1_152' title='bbox 351 2834 382 2897; x_wconf 89' lang='grc' dir='ltr'><strong>ἐν</strong></span> <span class='ocrx_word' id='word_1_153' title='bbox 414 2833 591 2916; x_wconf 80' lang='grc' dir='ltr'>πελάγεσσιν</span> <span class='ocrx_word' id='word_1_154' title='bbox 620 2833 715 2904; x_wconf 82' lang='grc' dir='ltr'><strong>ε335,</strong></span> <span class='ocrx_word' id='word_1_155' title='bbox 741 2833 772 2898; x_wconf 92' lang='lat' dir='ltr'><strong>h.</strong></span> <span class='ocrx_word' id='word_1_156' title='bbox 794 2833 908 2920; x_wconf 91' lang='lat' dir='ltr'><strong>Apoll.</strong></span> <span class='ocrx_word' id='word_1_157' title='bbox 926 2833 989 2916; x_wconf 77' lang='lat'><strong>733</strong></span> <span class='ocrx_word' id='word_1_158' title='bbox 1028 2832 1103 2900; x_wconf 90' lang='lat' dir='ltr'><strong>aliis</strong></span> <span class='ocrx_word' id='word_1_159' title='bbox 1137 2833 1219 2899; x_wconf 88' lang='lat' dir='ltr'><strong>locis</strong></span> <span class='ocrx_word' id='word_1_160' title='bbox 1255 2835 1309 2906; x_wconf 82' lang='grc' dir='ltr'>ἅλς</span> 
     </span>
     <span class='ocr_line' id='line_1_23' title="bbox 166 2941 1308 3029; baseline 0 -21"><span class='ocrx_word' id='word_1_161' title='bbox 166 2941 317 3028; x_wconf 88' lang='lat' dir='ltr'><strong>epitheto</strong></span> <span class='ocrx_word' id='word_1_162' title='bbox 347 2945 435 3026; x_wconf 78' lang='grc' dir='ltr'>πολιή</span> <span class='ocrx_word' id='word_1_163' title='bbox 466 2943 653 3009; x_wconf 90' lang='lat' dir='ltr'><strong>adornatur</strong></span> <span class='ocrx_word' id='word_1_164' title='bbox 677 2943 784 3008; x_wconf 77' lang='lat' dir='ltr'><strong>Acco</strong></span> <span class='ocrx_word' id='word_1_165' title='bbox 808 2941 840 3006; x_wconf 89' lang='grc' dir='ltr'><em>Μ</em></span> <span class='ocrx_word' id='word_1_166' title='bbox 856 2942 921 3007; x_wconf 81' lang='grc'><strong>284</strong></span> <span class='ocrx_word' id='word_1_167' title='bbox 944 2942 1048 3007; x_wconf 76' lang='grc' dir='ltr'>ι132ε</span> <span class='ocrx_word' id='word_1_168' title='bbox 1082 2964 1163 3029; x_wconf 88' lang='lat' dir='ltr'><strong>quas</strong></span> <span class='ocrx_word' id='word_1_169' title='bbox 1186 2941 1308 3008; x_wconf 89' lang='lat' dir='ltr'><strong>Archi-</strong></span> 
     </span>
     <span class='ocr_line' id='line_1_24' title="bbox 165 3050 1310 3138; baseline 0.002 -22"><span class='ocrx_word' id='word_1_170' title='bbox 165 3050 281 3117; x_wconf 87' lang='lat' dir='ltr'><strong>lochus</strong></span> <span class='ocrx_word' id='word_1_171' title='bbox 304 3051 340 3117; x_wconf 92' lang='lat' dir='ltr'><strong>in</strong></span> <span class='ocrx_word' id='word_1_172' title='bbox 362 3074 461 3118; x_wconf 82' lang='lat' dir='ltr'><strong>unam</strong></span> <span class='ocrx_word' id='word_1_173' title='bbox 484 3052 595 3138; x_wconf 83' lang='lat' dir='ltr'><strong>coegit</strong></span> <span class='ocrx_word' id='word_1_174' title='bbox 619 3051 658 3116; x_wconf 86' lang='lat' dir='ltr'><strong>li</strong></span> <span class='ocrx_word' id='word_1_175' title='bbox 683 3054 786 3136; x_wconf 80' lang='grc' dir='ltr'>πολιῆς</span> <span class='ocrx_word' id='word_1_176' title='bbox 810 3050 881 3124; x_wconf 82' lang='grc' dir='ltr'>ἁλὸς</span> <span class='ocrx_word' id='word_1_177' title='bbox 905 3052 934 3116; x_wconf 83' lang='grc' dir='ltr'><strong>ἐν</strong></span> <span class='ocrx_word' id='word_1_178' title='bbox 966 3051 1143 3135; x_wconf 85' lang='grc' dir='ltr'>πελάγεσσιν</span> <span class='ocrx_word' id='word_1_179' title='bbox 1153 3051 1200 3136; x_wconf 76' lang='lat'><strong>²³).</strong></span> <span class='ocrx_word' id='word_1_180' title='bbox 1269 3051 1310 3118; x_wconf 87' lang='lat' dir='ltr'><strong>de</strong></span> 
     </span>
     <span class='ocr_line' id='line_1_25' title="bbox 169 3159 1309 3249; baseline 0.001 -22"><span class='ocrx_word' id='word_1_181' title='bbox 169 3159 329 3249; x_wconf 85' lang='lat' dir='ltr'><strong>Neptuno</strong></span> <span class='ocrx_word' id='word_1_182' title='bbox 353 3161 441 3227; x_wconf 66' lang='lat'><strong>2291</strong></span> <span class='ocrx_word' id='word_1_183' title='bbox 463 3162 552 3244; x_wconf 83' lang='grc'>(304)</span> <span class='ocrx_word' id='word_1_184' title='bbox 575 3160 699 3227; x_wconf 87' lang='lat' dir='ltr'><strong>dicitur</strong></span> <span class='ocrx_word' id='word_1_185' title='bbox 723 3160 846 3247; x_wconf 76' lang='grc' dir='ltr'>ἐτάραξε</span> <span class='ocrx_word' id='word_1_186' title='bbox 876 3160 909 3224; x_wconf 79' lang='grc' dir='ltr'><strong>δὲ</strong></span> <span class='ocrx_word' id='word_1_187' title='bbox 936 3163 1055 3227; x_wconf 78' lang='grc' dir='ltr'>πάντονι</span> <span class='ocrx_word' id='word_1_188' title='bbox 1087 3159 1309 3246; x_wconf 74' lang='lat' dir='ltr'><strong>Archilochus</strong></span> 
     </span>
     <span class='ocr_line' id='line_1_26' title="bbox 169 3255 1309 3357; baseline -0.002 -21"><span class='ocrx_word' id='word_1_189' title='bbox 169 3269 224 3338; x_wconf 78' lang='lat'><strong>541</strong></span> <span class='ocrx_word' id='word_1_190' title='bbox 248 3255 310 3357; x_wconf 84' lang='lat' dir='ltr'><strong>pro</strong></span> <span class='ocrx_word' id='word_1_191' title='bbox 334 3269 479 3356; x_wconf 81' lang='lat' dir='ltr'><strong>imagine</strong></span> <span class='ocrx_word' id='word_1_192' title='bbox 502 3271 554 3336; x_wconf 90' lang='lat' dir='ltr'><strong>his</strong></span> <span class='ocrx_word' id='word_1_193' title='bbox 577 3269 690 3336; x_wconf 88' lang='lat' dir='ltr'><strong>verbis</strong></span> <span class='ocrx_word' id='word_1_194' title='bbox 715 3269 826 3337; x_wconf 86' lang='lat' dir='ltr'><strong>utitur</strong></span> <span class='ocrx_word' id='word_1_195' title='bbox 858 3269 952 3356; x_wconf 71' lang='grc' dir='ltr'>βαθὺς</span> <span class='ocrx_word' id='word_1_196' title='bbox 977 3321 983 3334; x_wconf 95' lang='grc'><strong><em>.</em></strong></span> <span class='ocrx_word' id='word_1_197' title='bbox 1011 3270 1165 3355; x_wconf 87' lang='grc' dir='ltr'>,κύμασιν</span> <span class='ocrx_word' id='word_1_198' title='bbox 1195 3269 1309 3356; x_wconf 84' lang='grc' dir='ltr'>ταράσ-</span> 
     </span>
     <span class='ocr_line' id='line_1_27' title="bbox 171 3366 1310 3467; baseline 0.003 -24"><span class='ocrx_word' id='word_1_199' title='bbox 171 3404 252 3443; x_wconf 82' lang='grc' dir='ltr'>σεται</span> <span class='ocrx_word' id='word_1_200' title='bbox 275 3381 377 3453; x_wconf 82' lang='grc' dir='ltr'>πόντος</span> <span class='ocrx_word' id='word_1_201' title='bbox 401 3401 481 3446; x_wconf 89' lang='lat' dir='ltr'><strong>voce</strong></span> <span class='ocrx_word' id='word_1_202' title='bbox 505 3380 631 3464; x_wconf 82' lang='grc' dir='ltr'>κύμασιν</span> <span class='ocrx_word' id='word_1_203' title='bbox 656 3382 691 3446; x_wconf 91' lang='lat' dir='ltr'><strong>et</strong></span> <span class='ocrx_word' id='word_1_204' title='bbox 720 3379 870 3467; x_wconf 87' lang='lat' dir='ltr'><strong>epitheto</strong></span> <span class='ocrx_word' id='word_1_205' title='bbox 897 3378 990 3466; x_wconf 77' lang='grc' dir='ltr'>βαλλάς</span> <span class='ocrx_word' id='word_1_206' title='bbox 1014 3379 1151 3466; x_wconf 86' lang='lat' dir='ltr'><strong>insuper</strong></span> <span class='ocrx_word' id='word_1_207' title='bbox 1174 3366 1310 3447; x_wconf 81' lang='lat' dir='ltr'><strong>additis.</strong></span> 
     </span>
     <span class='ocr_line' id='line_1_28' title="bbox 168 3482 1309 3577; baseline 0.003 -24"><span class='ocrx_word' id='word_1_208' title='bbox 168 3482 308 3554; x_wconf 76' lang='grc' dir='ltr'>θάλασσα</span> <span class='ocrx_word' id='word_1_209' title='bbox 326 3488 350 3553; x_wconf 91' lang='grc' dir='ltr'>Α</span> <span class='ocrx_word' id='word_1_210' title='bbox 369 3489 431 3555; x_wconf 82' lang='grc'><strong>157</strong></span> <span class='ocrx_word' id='word_1_211' title='bbox 455 3489 650 3577; x_wconf 89' lang='lat' dir='ltr'><strong>appellatur</strong></span> <span class='ocrx_word' id='word_1_212' title='bbox 672 3491 827 3574; x_wconf 73' lang='grc' dir='ltr'>ἠχήεσσαι</span> <span class='ocrx_word' id='word_1_213' title='bbox 851 3489 957 3555; x_wconf 85' lang='lat' dir='ltr'><strong>undas</strong></span> <span class='ocrx_word' id='word_1_214' title='bbox 974 3489 1070 3555; x_wconf 83' lang='lat' dir='ltr'><strong>addit</strong></span> <span class='ocrx_word' id='word_1_215' title='bbox 1086 3488 1309 3556; x_wconf 91' lang='lat' dir='ltr'><strong>Archilochus</strong></span> 
     </span>
     <span class='ocr_line' id='line_1_29' title="bbox 163 3591 1309 3685; baseline 0 -20"><span class='ocrx_word' id='word_1_216' title='bbox 163 3599 219 3668; x_wconf 65' lang='lat'><strong>742</strong></span> <span class='ocrx_word' id='word_1_217' title='bbox 244 3591 399 3683; x_wconf 66' lang='grc' dir='ltr'>θαλάσσης</span> <span class='ocrx_word' id='word_1_218' title='bbox 422 3599 551 3685; x_wconf 70' lang='grc' dir='ltr'>ἐγχέαντα</span> <span class='ocrx_word' id='word_1_219' title='bbox 573 3591 699 3682; x_wconf 80' lang='grc' dir='ltr'>νάματα.</span> <span class='ocrx_word' id='word_1_220' title='bbox 724 3601 845 3664; x_wconf 86' lang='lat' dir='ltr'><strong>ventus</strong></span> <span class='ocrx_word' id='word_1_221' title='bbox 870 3620 943 3664; x_wconf 90' lang='lat' dir='ltr'><strong>cum</strong></span> <span class='ocrx_word' id='word_1_222' title='bbox 965 3598 1063 3664; x_wconf 89' lang='lat' dir='ltr'><strong>undis</strong></span> <span class='ocrx_word' id='word_1_223' title='bbox 1081 3599 1213 3685; x_wconf 87' lang='lat' dir='ltr'><strong>saepius</strong></span> <span class='ocrx_word' id='word_1_224' title='bbox 1233 3621 1309 3665; x_wconf 91' lang='lat' dir='ltr'><strong>con-</strong></span> 
     </span>
     <span class='ocr_line' id='line_1_30' title="bbox 164 3706 1316 3794; baseline -0.003 -21"><span class='ocrx_word' id='word_1_225' title='bbox 164 3707 328 3794; x_wconf 88' lang='lat' dir='ltr'><strong>iungitur,</strong></span> <span class='ocrx_word' id='word_1_226' title='bbox 353 3707 448 3774; x_wconf 89' lang='lat' dir='ltr'><strong>velut</strong></span> <span class='ocrx_word' id='word_1_227' title='bbox 464 3707 499 3773; x_wconf 92' lang='lat' dir='ltr'><strong>in</strong></span> <span class='ocrx_word' id='word_1_228' title='bbox 512 3707 573 3774; x_wconf 92' lang='lat' dir='ltr'><strong>hac</strong></span> <span class='ocrx_word' id='word_1_229' title='bbox 596 3709 706 3793; x_wconf 88' lang='lat' dir='ltr'><strong>figura</strong></span> <span class='ocrx_word' id='word_1_230' title='bbox 729 3707 836 3792; x_wconf 80' lang='grc' dir='ltr'>ἄνεμός</span> <span class='ocrx_word' id='word_1_231' title='bbox 859 3706 962 3772; x_wconf 81' lang='grc' dir='ltr'>τεκαὶ</span> <span class='ocrx_word' id='word_1_232' title='bbox 986 3712 1063 3792; x_wconf 82' lang='grc' dir='ltr'>κῦμα</span> <span class='ocrx_word' id='word_1_233' title='bbox 1108 3707 1212 3788; x_wconf 84' lang='grc' dir='ltr'><strong>ε134,</strong></span> <span class='ocrx_word' id='word_1_234' title='bbox 1238 3707 1316 3794; x_wconf 57' lang='grc' dir='ltr'><strong>αἰνέ-Ὶ</strong></span> 
     </span>
     <span class='ocr_line' id='line_1_31' title="bbox 164 3810 1306 3904; baseline 0 -23"><span class='ocrx_word' id='word_1_235' title='bbox 164 3817 295 3903; x_wconf 78' lang='grc' dir='ltr'>μοικαὶ</span> <span class='ocrx_word' id='word_1_236' title='bbox 319 3810 426 3902; x_wconf 80' lang='grc' dir='ltr'>νάματι</span> <span class='ocrx_word' id='word_1_237' title='bbox 450 3818 564 3904; x_wconf 77' lang='grc' dir='ltr'>ψ235,</span> <span class='ocrx_word' id='word_1_238' title='bbox 597 3839 728 3904; x_wconf 89' lang='lat' dir='ltr'><strong>semper</strong></span> <span class='ocrx_word' id='word_1_239' title='bbox 750 3816 810 3900; x_wconf 87' lang='lat' dir='ltr'><strong>ita,</strong></span> <span class='ocrx_word' id='word_1_240' title='bbox 841 3820 880 3883; x_wconf 91' lang='lat' dir='ltr'><strong>ut</strong></span> <span class='ocrx_word' id='word_1_241' title='bbox 902 3820 1024 3884; x_wconf 84' lang='lat' dir='ltr'><strong>ventus</strong></span> <span class='ocrx_word' id='word_1_242' title='bbox 1048 3816 1197 3903; x_wconf 88' lang='lat' dir='ltr'><strong>priorem</strong></span> <span class='ocrx_word' id='word_1_243' title='bbox 1221 3816 1306 3883; x_wconf 90' lang='lat' dir='ltr'><strong>obti-</strong></span> 
     </span>
     <span class='ocr_line' id='line_1_32' title="bbox 162 3923 1305 4011; baseline -0.003 -18"><span class='ocrx_word' id='word_1_244' title='bbox 162 3928 243 3994; x_wconf 86' lang='lat' dir='ltr'><strong>neat</strong></span> <span class='ocrx_word' id='word_1_245' title='bbox 265 3927 391 3995; x_wconf 91' lang='lat' dir='ltr'><strong>locum:</strong></span> <span class='ocrx_word' id='word_1_246' title='bbox 422 3924 647 3992; x_wconf 87' lang='lat' dir='ltr'><strong>Archilochus</strong></span> <span class='ocrx_word' id='word_1_247' title='bbox 680 3925 798 3993; x_wconf 88' lang='lat' dir='ltr'><strong>ordine</strong></span> <span class='ocrx_word' id='word_1_248' title='bbox 820 3928 951 3993; x_wconf 90' lang='lat' dir='ltr'><strong>mutato</strong></span> <span class='ocrx_word' id='word_1_249' title='bbox 976 3925 1063 3992; x_wconf 83' lang='lat' dir='ltr'><strong>dixit</strong></span> <span class='ocrx_word' id='word_1_250' title='bbox 1085 3926 1127 3991; x_wconf 84' lang='lat'><strong>43</strong></span> <span class='ocrx_word' id='word_1_251' title='bbox 1150 3923 1218 4011; x_wconf 80' lang='grc' dir='ltr'>ἵστη</span> <span class='ocrx_word' id='word_1_252' title='bbox 1242 3926 1305 3990; x_wconf 83' lang='grc' dir='ltr'>κατ’</span> 
     </span>
     <span class='ocr_line' id='line_1_33' title="bbox 164 4029 1310 4122; baseline -0.001 -23"><span class='ocrx_word' id='word_1_253' title='bbox 164 4037 241 4122; x_wconf 78' lang='grc' dir='ltr'>ἤκην</span> <span class='ocrx_word' id='word_1_254' title='bbox 270 4029 400 4122; x_wconf 80' lang='grc' dir='ltr'>κάματός</span> <span class='ocrx_word' id='word_1_255' title='bbox 431 4060 463 4098; x_wconf 76' lang='grc' dir='ltr'><strong>τε</strong></span> <span class='ocrx_word' id='word_1_256' title='bbox 493 4035 633 4120; x_wconf 84' lang='grc' dir='ltr'>κάνέμου.</span> <span class='ocrx_word' id='word_1_257' title='bbox 666 4034 815 4102; x_wconf 86' lang='lat' dir='ltr'><strong>eiusdem</strong></span> <span class='ocrx_word' id='word_1_258' title='bbox 846 4035 975 4122; x_wconf 81' lang='lat' dir='ltr'><strong>figurae</strong></span> <span class='ocrx_word' id='word_1_259' title='bbox 1006 4034 1118 4101; x_wconf 83' lang='lat' dir='ltr'><strong>altera</strong></span> <span class='ocrx_word' id='word_1_260' title='bbox 1140 4057 1221 4122; x_wconf 80' lang='lat' dir='ltr'><strong>pars</strong></span> <span class='ocrx_word' id='word_1_261' title='bbox 1244 4035 1310 4098; x_wconf 82' lang='grc' dir='ltr'>κατ’</span> 
     </span>
     <span class='ocr_line' id='line_1_34' title="bbox 163 4143 1310 4232; baseline 0.003 -24"><span class='ocrx_word' id='word_1_262' title='bbox 163 4145 240 4231; x_wconf 82' lang='grc' dir='ltr'>ἥκην</span> <span class='ocrx_word' id='word_1_263' title='bbox 270 4144 305 4212; x_wconf 90' lang='lat' dir='ltr'><strong>in</strong></span> <span class='ocrx_word' id='word_1_264' title='bbox 335 4144 429 4232; x_wconf 74' lang='grc' dir='ltr'>θρίου</span> <span class='ocrx_word' id='word_1_265' title='bbox 451 4144 546 4232; x_wconf 88' lang='lat' dir='ltr'><strong>poesi</strong></span> <span class='ocrx_word' id='word_1_266' title='bbox 568 4167 635 4210; x_wconf 89' lang='lat' dir='ltr'><strong>non</strong></span> <span class='ocrx_word' id='word_1_267' title='bbox 656 4143 838 4212; x_wconf 89' lang='lat' dir='ltr'><strong>invenitur.</strong></span> <span class='ocrx_word' id='word_1_268' title='bbox 917 4145 985 4210; x_wconf 88' lang='lat' dir='ltr'><strong>alia</strong></span> <span class='ocrx_word' id='word_1_269' title='bbox 1014 4143 1124 4230; x_wconf 83' lang='lat' dir='ltr'><strong>imago</strong></span> <span class='ocrx_word' id='word_1_270' title='bbox 1153 4167 1241 4218; x_wconf 86' lang='lat' dir='ltr'><strong>nova</strong></span> <span class='ocrx_word' id='word_1_271' title='bbox 1264 4145 1310 4211; x_wconf 90' lang='lat' dir='ltr'><strong>le-</strong></span> 
     </span>
     <span class='ocr_line' id='line_1_35' title="bbox 162 4246 1312 4343; baseline -0.002 -21"><span class='ocrx_word' id='word_1_272' title='bbox 162 4255 260 4343; x_wconf 87' lang='lat' dir='ltr'><strong>gitur</strong></span> <span class='ocrx_word' id='word_1_273' title='bbox 282 4256 324 4321; x_wconf 84' lang='lat'><strong>23</strong></span> <span class='ocrx_word' id='word_1_274' title='bbox 348 4256 487 4340; x_wconf 82' lang='grc' dir='ltr'>κυμάτων</span> <span class='ocrx_word' id='word_1_275' title='bbox 511 4256 541 4319; x_wconf 90' lang='grc' dir='ltr'><strong>ἐν</strong></span> <span class='ocrx_word' id='word_1_276' title='bbox 565 4246 708 4338; x_wconf 78' lang='grc' dir='ltr'>ἀγκάλαις</span> <span class='ocrx_word' id='word_1_277' title='bbox 731 4254 814 4321; x_wconf 86' lang='lat' dir='ltr'><strong>adeo</strong></span> <span class='ocrx_word' id='word_1_278' title='bbox 837 4258 940 4342; x_wconf 88' lang='lat' dir='ltr'><strong>poeta</strong></span> <span class='ocrx_word' id='word_1_279' title='bbox 967 4253 1077 4340; x_wconf 86' lang='lat' dir='ltr'><strong>digna,</strong></span> <span class='ocrx_word' id='word_1_280' title='bbox 1114 4257 1153 4320; x_wconf 91' lang='lat' dir='ltr'><strong>ut</strong></span> <span class='ocrx_word' id='word_1_281' title='bbox 1176 4253 1312 4322; x_wconf 92' lang='lat' dir='ltr'><strong>Aristo-</strong></span> 
     </span>
    </p>
   </div>
   <div class='ocr_carea' id='block_1_4' title="bbox 220 4543 1263 4722">
    <p class='ocr_par' dir='ltr' id='par_1_6' title="bbox 220 4543 1263 4722">
     <span class='ocr_line' id='line_1_36' title="bbox 222 4543 667 4620; baseline -0.007 -20"><span class='ocrx_word' id='word_1_282' title='bbox 222 4545 265 4614; x_wconf 81' lang='lat'><strong>12)</strong></span> <span class='ocrx_word' id='word_1_283' title='bbox 284 4545 380 4618; x_wconf 60' lang='lat' dir='ltr'><strong>hcl„</strong></span> <span class='ocrx_word' id='word_1_284' title='bbox 400 4543 547 4620; x_wconf 74' lang='grc' dir='ltr'>ἐξάρχουσα</span> <span class='ocrx_word' id='word_1_285' title='bbox 566 4544 667 4618; x_wconf 82' lang='grc' dir='ltr'>χοροάς.</span> 
     </span>
     <span class='ocr_line' id='line_1_37' title="bbox 220 4635 1263 4722; baseline -0.003 -26"><span class='ocrx_word' id='word_1_286' title='bbox 220 4640 264 4712; x_wconf 79' lang='lat' dir='ltr'><strong>lc)</strong></span> <span class='ocrx_word' id='word_1_287' title='bbox 283 4639 451 4697; x_wconf 83' lang='lat' dir='ltr'><strong>simillimum</strong></span> <span class='ocrx_word' id='word_1_288' title='bbox 470 4640 572 4711; x_wconf 84' lang='lat' dir='ltr'><strong>legitur</strong></span> <span class='ocrx_word' id='word_1_289' title='bbox 591 4639 744 4709; x_wconf 83' lang='lat' dir='ltr'><strong>exemplum</strong></span> <span class='ocrx_word' id='word_1_290' title='bbox 763 4641 790 4696; x_wconf 90' lang='lat' dir='ltr'><strong>h.</strong></span> <span class='ocrx_word' id='word_1_291' title='bbox 801 4643 859 4713; x_wconf 72' lang='lat'><strong>331⁵</strong></span> <span class='ocrx_word' id='word_1_292' title='bbox 878 4639 970 4715; x_wconf 78' lang='grc' dir='ltr'>λευκῆς</span> <span class='ocrx_word' id='word_1_293' title='bbox 990 4635 1049 4700; x_wconf 83' lang='grc' dir='ltr'>ἁλὸς</span> <span class='ocrx_word' id='word_1_294' title='bbox 1067 4639 1092 4692; x_wconf 85' lang='grc' dir='ltr'><strong>ἐν</strong></span> <span class='ocrx_word' id='word_1_295' title='bbox 1111 4635 1263 4722; x_wconf 69' lang='grc' dir='ltr'>πελάγεσσιν.</span> 
     </span>
    </p>
   </div>
   <div class='ocr_carea' id='block_1_5' title="bbox 1058 4733 1188 4803">
    <p class='ocr_par' dir='ltr' id='par_1_7' title="bbox 1058 4733 1188 4803">
     <span class='ocr_line' id='line_1_38' title="bbox 1058 4733 1188 4803; baseline -0.023 0"><span class='ocrx_word' id='word_1_296' title='bbox 1058 4733 1188 4803; x_wconf 87' lang='grc'><strong>4*.</strong></span> 
     </span>
    </p>
   </div>
   <div class='ocr_carea' id='block_1_6' title="bbox 0 0 1599 5106">
    <p class='ocr_par' dir='ltr' id='par_1_8' title="bbox 0 0 1599 5106">
     <span class='ocr_line' id='line_1_39' title="bbox 0 0 1599 5106; baseline 0 0"><span class='ocrx_word' id='word_1_297' title='bbox 0 0 1599 5106; x_wconf 95' lang='lat' dir='ltr'><strong> </strong></span> 
     </span>
    </p>
   </div>
  </div>
 </body>
</html>
