3186 5106
742 393 783 462 17

189 571 249 638 elii
300 571 428 638 scilicet
478 569 787 638 Alexandrinorum
838 558 1069 661 temporibus
1096 596 1162 640 non
1207 559 1335 644 ¹extite-

190 685 280 748 runt.

277 813 349 856 oum
373 790 434 855 hac
456 813 494 856 re
517 811 584 857 non
607 789 766 856 cohaeret
789 789 1030 878 Aristophanis
1059 791 1216 858 iudicium
1246 791 1336 880 apud

191 899 256 966 Cic.
279 896 322 962 ad
344 897 624 978 Au.XV111,2
669 905 859 980 servatum,
902 897 959 985 qui
990 899 1229 966 Archilochum
1260 922 1336 987 per-

187 1007 300 1094 magni
316 1007 535 1091 aestimabam
570 1005 687 1072 Cicero
711 1006 755 1071 ad
770 1007 926 1074 Atticum
949 1007 1069 1074 scribit
1100 1011 1184 1090 quael
1215 1010 1334 1073 oereris

188 1137 226 1180 ae
248 1116 414 1201 ἀδόλεσχος
437 1115 514 1179 mihi
538 1123 589 1195 tu,
624 1115 694 1196 quis
729 1116 854 1198 miurus,
894 1117 943 1179 eui
976 1123 1011 1180 ut
1034 1116 1246 1197 Aristophani
1270 1118 1335 1179 Ar·

187 1225 314 1289 chilochi
348 1225 469 1288 iambus
501 1225 546 1288 sio
579 1223 715 1302 epistula
749 1225 933 1305 loupissima
968 1246 1105 1306 quaeque
1139 1227 1255 1306 optima
1289 1225 1335 1288 oi-

186 1335 287 1398 rletur.
321 1371 363 1379 —-
401 1331 468 1397 iem
498 1335 609 1412 tolum
638 1330 733 1396 illum
768 1331 971 1414 Quintiliani
1002 1331 1110 1398 locum
1146 1333 1332 1421 perlustre-

187 1463 275 1506 mus:
322 1443 377 1506 serl
411 1443 485 1505 dum
518 1444 729 1523 adsequamur
764 1439 894 1527 [uuam
934 1439 1045 1527 Halm]
1084 1443 1172 1506 illam
1207 1444 1333 1524 brunum

187 1557 220 1614 ut
266 1551 335 1614 alioci
370 1551 572 1633 facilitatem,
627 1552 753 1631 optimis
798 1551 1044 1616 adsuescendum
1084 1557 1129 1616 est
1168 1558 1195 1614 et
1233 1553 1332 1615 multa
1381 1595 1388 1603 -

188 1660 290 1742 mapis
321 1681 414 1740 quam
447 1661 615 1724 urultoram
658 1659 785 1724 lecticae
822 1657 993 1740 t'or'mmula
1032 1681 1119 1724 meus
1158 1668 1187 1724 et
1221 1661 1332 1724 duren-

185 1769 245 1832 rlus
287 1771 378 1833 color.
452 1770 556 1851 itaquo
593 1790 632 1834 ex
678 1768 779 1832 tribus
820 1769 951 1846 receptis
988 1767 1171 1832 Aristarchi
1217 1769 1333 1832 iudicio

186 1878 392 1958 scriptoribus
421 1878 595 1942 iamborum
629 1877 672 1940 acl
705 1877 761 1946 ἕξιν
795 1877 929 1940 mammo
958 1877 1131 1956 pertimebit
1163 1897 1244 1940 uam
1267 1877 1333 1940 Ar:

188 1986 389 2072 chilochusl).
450 2008 572 2051 summo
610 1989 643 2050 ιἰι
681 1987 737 2050 hoc
775 1988 824 2048 uis
863 1985 1062 2066 elocutionis,
1101 2007 1171 2050 cum
1207 1985 1333 2049 ualidae

187 2101 253 2160 tum
288 2096 391 2159 breoes
425 2096 643 2177 uibrantesque
676 2096 864 2172 sententiae,
910 2094 1086 2174 plurimum
1119 2096 1251 2177 sanquis
1284 2098 1332 2157 at-

186 2226 244 2286 que
267 2224 451 2280 anoorum
487 2205 563 2267 arleo
594 2209 630 2266 ut
618 2205 755 2268 toiclcat
744 2210 796 2267 tur
830 2203 1033 2284 quibusdam,
1067 2203 1147 2284 prrocl
1180 2221 1332 2284 quoquam

188 2311 264 2393 (ie
289 2310 524 2396 Ηοιιιοιολιιιι
483 2313 585 2376 mium
615 2319 660 2376 est
689 2313 840 2375 materiae
876 2333 941 2375 esse
970 2331 1035 2375 ιιοιι
1058 2311 1242 2393 iupeuiie
1212 2312 1334 2376 uilium.

89 2403 92 2410 ¹
186 2419 308 2486 ultime
355 2419 470 2485 iudicii
518 2441 598 2506 pers
637 2417 728 2486 redit
777 2419 866 2506 apud
907 2417 1062 2484 Plaude
1086 2417 1160 2483 eud
1186 2419 1236 2483 13.
1260 2418 1331 2485 lbb

187 2531 300 2615 μέμψαι
270 2553 334 2592 mro
368 2528 432 2592 b’o'lr
467 2553 508 2600 τις
545 2527 596 2612 μὲν
627 2527 680 2612 τὴν
715 2525 889 2614 Ἀρχιλόχου
929 2527 1069 2591 ὑπόθεσιν
1104 2530 1164 2592 κτλ.
1222 2526 1330 2594 simile

185 2637 265 2725 quid
302 2637 336 2701 in
366 2636 475 2702 animo
508 2636 633 2703 hebere
670 2636 808 2702 videtur
839 2637 960 2702 Horut.
978 2658 1028 2723 ep.
1046 2636 1063 2700 I
1080 2635 1131 2717 19,
1149 2637 1190 2701 23
1218 2638 1333 2702 Parios

185 2767 237 2830 epo
268 2747 394 2828 primus
432 2747 547 2810 iambos
588 2747 709 2810 ostendi
744 2748 837 2811 Latio
874 2767 1019 2810 uermeros
1062 2747 1242 2827 animosque
1285 2767 1330 2810 sc-

186 2861 274 2920 cutas
309 2856 505 2938 Archilochi,
546 2876 632 2919 ιιοιι
669 2877 741 2919 res
780 2862 818 2919 et
856 2857 1049 2939 aperitio
1085 2856 1220 2920 rerba
1258 2857 1331 2938 Lp-

183 2965 364 3030 cambcu
417 2963 470 3050 (of
498 2963 618 3029 Iulian.
651 2964 796 3050 p337a
837 2963 999 3050 Synesius
1044 2963 1085 3030 de
1131 2963 1269 3030 insomn
1308 2988 1329 3050 p

186 3071 277 3158 156)
355 3071 418 3138 hoc
451 3071 559 3157 igitur
599 3071 640 3138 de
675 3071 871 3138 Archilochi
905 3072 1049 3139 materia
1082 3070 1240 3137 iudicium
1280 3093 1330 3137 sa-

184 3179 231 3246 uis
259 3179 372 3246 nobile
402 3183 437 3246 el
467 3180 706 3266 pervulgatum
742 3185 826 3248 erat.
881 3181 982 3248 etiem
1013 3180 1148 3266 legendi
1174 3203 1331 3269 praecep·

187 3291 259 3354 hum
295 3286 403 3353 simile
438 3289 570 3375 saepius
604 3289 732 3376 legitur
762 3290 859 3357 velut
891 3311 943 3377 ep.
967 3289 1108 3375 Longin.
1134 3289 1212 3376 τέχν.
1229 3313 1250 3377 p
1268 3290 1330 3355 187

188 3396 245 3483 qui
280 3397 461 3463 Homerum
495 3396 799 3485 Archilochumque
833 3400 972 3486 praeter
1006 3397 1090 3464 alios
1125 3397 1194 3483 legi
1227 3398 1330 3480 iubet,

187 3505 339 3572 Menond.
371 3532 400 3569 π.
432 3506 635 3569 ἐπιδεικτικῶν
674 3507 808 3572 111393
825 3506 880 3594 Sp.
917 3545 957 3554 -
993 3527 1059 3593 que
1091 3505 1126 3571 in
1158 3529 1196 3572 re
1230 3506 1332 3572 etiam
1362 3513 1363 3516 ’

185 3614 221 3680 id
244 3615 566 3682 commemorandum
598 3620 651 3682 est
680 3619 815 3683 veheres
846 3616 887 3682 de
910 3615 1102 3682 fabularum
1125 3638 1188 3681 usu
1211 3615 1332 3682 Archi·

188 3721 303 3789 locheo
336 3723 560 3810 quaesivisse:
599 3725 764 3792 Philostr.
789 3725 842 3791 im.
860 3725 897 3790 ll
913 3725 1019 3790 2981<
1047 3727 1177 3809 ἐμέλησε
1201 3724 1331 3810 μὲνγὰρ

184 3828 236 3893 καὶ
263 3825 405 3916 Ὃμήρωι
446 3832 551 3916 μύλλων
596 3831 760 3920 [unz-or
794 3833 920 3900 Reiske
952 3833 988 3899 cf
1009 3832 1100 3899 Theo
1123 3855 1218 3920 prog.
1236 3833 1330 3899 1173

185 3938 257 4027 Sp]
291 3935 525 4018 καλἫοιόδιοι,
563 3941 605 4005 ἔτι
630 3941 662 4006 δὲ
685 3942 736 4007 καὶ
757 3941 934 4030 Ἀρχιλόχῶι
957 3941 1027 4028 πρὸς
1051 3941 1231 4028 Λυκάμβην,
1264 3942 1330 4005 ἀλλ’

184 4047 331 4113 Αἰσώπωι
364 4051 459 4114 πάντα
500 4047 537 4114 col
567 4059 625 4115 τῶν
667 4053 834 4138 ἀνθρώπων
874 4053 1103 4137 ἐιμεμύλλωνται
1141 4054 1213 4131 κτλ,
1253 4073 1331 4138 quo-

186 4182 258 4225 cum
282 4158 452 4225 consentit
474 4158 547 4226 fere
570 4160 613 4226 ed
636 4163 775 4228 verbum
794 4161 885 4228 Theo
909 4183 1005 4249 prag.
1024 4159 1046 4225 l.
1062 4183 1103 4244 s.;
1136 4159 1256 4226 Iulian.
1282 4182 1332 4228 or.

184 4267 213 4331 7.
226 4267 318 4333 2071>
349 4289 387 4332 eo
411 4266 528 4333 abhis
553 4267 671 4336 differt
695 4269 782 4357 quod
806 4269 944 4336 Homeri
972 4269 1158 4356 exemplum
1181 4267 1329 4336 omittit:

183 4375 242 4464 qui
263 4372 413 4442 Hesiodo
437 4375 544 4443 allato
568 4376 683 4464 pergil
712 4379 727 4440 h
752 4376 784 4441 δὲ
809 4376 883 4464 μετὰ
905 4381 1006 4442 τοῦτον
1030 4377 1207 4464 Ἀρχίλοχος
1231 4381 1331 4464 ὥσπερ

257 4583 285 4652 ο)
305 4583 339 4640 cf.
359 4583 450 4641 Prool.
468 4584 485 4638 l.
506 4586 579 4642 intre
599 4588 687 4644 adscr.
706 4585 851 4660 Ἀρχίλοχος
870 4607 897 4641 τε
917 4588 929 4641 b
950 4585 1041 4659 Πάριος
1061 4585 1167 4657 ἄριστος.

1064 4679 1086 4745 2
