3186 5106
188 554 275 623 rhet.
293 556 310 621 I
328 557 546 638 15‚13751›32
570 557 828 624 Demosthenem
852 557 932 640 (Sol.
948 558 980 640 4)
1003 542 1199 645 Lycurgum
1217 558 1330 646 (Tyrt.

189 665 240 749 10,
264 666 299 732 ci
320 690 367 733 or.
390 667 426 733 in
448 668 565 734 Leocr.
588 690 610 754 p
632 659 708 754 loc)
730 667 931 734 Pausaniam
954 667 1068 755 (Tyri.
1093 670 1113 734 ὅ
1137 669 1248 736 Mimn.
1274 670 1329 755 13)

188 775 325 861 legitur.
373 798 476 864 quare
493 777 533 842 de
549 776 776 843 recentiorum
790 801 853 843 nsu
875 776 960 843 nihil
981 777 1101 844 liceret
1125 779 1241 862 statui,
1266 779 1332 847 nisi

188 875 281 952 inter⁴
302 909 358 953 eos
383 886 529 974 optimae
552 886 769 953 auctoritatis
793 869 1054 954 testes'essent.
1102 911 1242 976 quorum
1265 891 1333 953 ἐλε-

188 997 265 1078 γεῖαι
296 996 435 1062 titulum
464 998 607 1084 praebet
639 1019 733 1062 nemo
761 996 827 1062 nisi
850 997 1046 1072 Athenaeus
1070 998 1232 1086 (Theogn.
1256 999 1332 1082 215)

190 1113 225 1172 01
271 1105 372 1171 schol.
396 1105 484 1172 Plat.
511 1105 592 1188 (Sol.
618 1106 690 1188 rai:
744 1106 864 1172 ceteris
899 1106 981 1172 locis
1018 1107 1159 1174 metrica
1192 1109 1332 1176 notandi

188 1215 321 1282 ratione
345 1220 498 1282 utuntur.
545 1218 624 1282 ante
649 1215 758 1280 omnia
774 1215 926 1281 traditur
949 1214 984 1280 in
1000 1209 1205 1302 Theognidis
1221 1218 1333 1286 codice
1418 1225 1421 1232 ’

189 1325 325 1410 egregio
343 1325 526 1391 Mutinensi
551 1325 607 1412 qui
630 1324 689 1390 hos
714 1323 855 1412 praebet
878 1324 999 1392 titulos
1019 1325 1176 1410 Θεόγνιδος
1192 1328 1331 1411 ἐλεγείων

190 1461 218 1515 α,
241 1438 361 1521 postea
386 1438 478 1518 (ante
503 1459 532 1502 v.
558 1435 656 1516 1231)
681 1436 820 1518 ἐλεγείων
849 1438 882 1522 βε
907 1438 1027 1501 contra
1050 1435 1119 1500 cod.
1144 1436 1172 1502 Ο
1196 1437 1333 1525 eiusque

189 1545 406 1631 apographon
430 1544 463 1608 K
497 1545 599 1610 habet
634 1545 743 1630 στίχων
776 1544 983 1630 ἡρωελεγείων
1018 1544 1331 1632 111011111011011116).

191 1653 304 1720 eodem
338 1653 477 1738 ἐλεγείων
513 1653 645 1720 nomine
673 1654 867 1721 Athenaeus
902 1678 933 1722 v.
957 1654 1020 1721 467
1055 1655 1159 1722 affert
1193 1678 1332 1743 quocum

190 1763 404 1830 consentiunt
434 1762 602 1849 Diogenes
628 1762 707 1843 (Sol.
731 1764 763 1845 2)
796 1763 896 1830 schol.
922 1763 1011 1829 Plat.
1037 1762 1116 1847 (Sol.
1142 1763 1193 1846 18)
1233 1765 1331 1832 Philo

191 1873 245 1936 Al.
271 1871 350 1954 (Sol.
368 1873 421 1954 27)
445 1872 570 1938 Athen.
589 1872 684 1956 (Call.
703 1874 721 1938 3
745 1872 896 1960 Xenoph.
913 1873 977 1938 26
1001 1872 1102 1938 Arch.
1120 1874 1154 1958 4)
1177 1874 1234 1940 Ε1.
1249 1873 1332 1942 Gen.

191 1982 309 2062 (Arch.
334 1983 368 2056 8)
401 1982 469 2048 1111.
516 2004 714 2069 quamquam
747 1982 854 2067 igitur
884 1989 1029 2069 utraque
1058 1982 1168 2048 forma
1193 1982 1332 2069 legitur,

191 2097 304 2159 tamen
325 2091 436 2157 nescio
460 2113 503 2158 an
526 2091 613 2158 siout
630 2091 832 2157 Archilocho
857 2091 1008 2157 omnibus
1032 2092 1170 2175 ἐλεγείων
1193 2092 1333 2159 titulum

186 2201 260 2269 iure
283 2201 497 2269 vindicemus.

277 2313 350 2378 Hoc
372 2311 445 2377 loco
468 2310 563 2376 nobis
595 2309 843 2377 subsistendum
866 2312 928 2376 est.
975 2309 1183 2377 vetustiores
1207 2311 1332 2379 aetatis

190 2428 364 2502 auctores,
400 2443 482 2508 quos
515 2426 596 2487 ante
630 2419 782 2507 quintum
815 2420 982 2486 saeculum
1012 2419 1109 2486 libris
1140 2419 1252 2487 titulis
1284 2421 1332 2487 in-

193 2531 334 2598 structis
369 2531 518 2597 caruisse
552 2533 702 2611 constat,
745 2552 818 2596 eum
852 2553 948 2594 usum
979 2535 1112 2596 secutos
1144 2552 1217 2596 esse
1249 2531 1334 2598 satis

191 2644 284 2707 certo
317 2640 493 2727 apparuit,
529 2643 568 2706 ut
599 2639 795 2727 plerumque
826 2638 1009 2704 carminum
1034 2660 1160 2724 genera
1183 2640 1334 2706 omnibus

190 2749 366 2816 notissima
385 2748 574 2816 indicarent
598 2751 642 2832 (ἐν
659 2748 771 2834 ἰάμβωι
796 2747 887 2814 cuius
904 2747 1036 2814 nomine
1050 2747 1211 2816 trimetra
1227 2751 1334 2819 tetra·

189 2863 299 2926 metra
332 2859 455 2946 epodos
489 2857 830 2946 comprehendebant,
864 2859 894 2920 ἐν
925 2858 1054 2940 ἐλεγείαι
1085 2857 1141 2923 vel
1167 2858 1333 2942 ἐλεγείοις).

192 2968 331 3035 eundem
353 2992 449 3034 usum
471 2969 524 3033 hic
546 2967 618 3033 illic
640 2989 660 3034 a
683 2966 928 3034 recentioribus
951 2970 1135 3054 receptum¹
1154 2989 1227 3033 esse
1250 2967 1334 3034 vidi-

191 3101 273 3144 mus.
309 3077 398 3164 apud
413 3077 575 3164 plurimos
593 3081 705 3143 autem
728 3075 926 3143 recentioris
951 3075 1075 3142 aetatis
1100 3076 1193 3142 viros
1218 3077 1333 3144 doctos

189 3209 309 3254 novam
332 3185 537 3252 inscribendi
568 3186 716 3251 carmina
740 3184 1012 3253 consuetudinem
1041 3185 1187 3252 assecuti
1211 3207 1333 3268 sumus,

191 3297 283 3362 cuius
307 3295 509 3383 gravissima
532 3317 633 3362 causa
655 3317 819 3362 novarum
851 3294 1034 3361 editionum
1057 3294 1235 3381 dispositio
1259 3295 1334 3362 visa

191 3411 243 3473 est
266 3405 443 3493 inquibus
466 3429 533 3470 non
556 3405 663 3471 solum
687 3404 866 3470 secundum
895 3426 1021 3490 genera
1044 3403 1192 3470 carmina
1215 3403 1334 3470 distin·

189 3522 348 3602 guerent,
380 3515 441 3596 (ita
464 3513 580 3580 Soloni
603 3516 721 3596 ἐλεγεῖα
744 3513 869 3599 ἰάμβους
893 3512 1024 3579 Callino
1049 3512 1201 3598 Tyrtaeo
1224 3513 1335 3580 Xeno·

189 3624 290 3712 phani
313 3625 452 3707 ἐλεγείων
476 3623 559 3690 duos
581 3624 687 3690 libros
701 3622 739 3708 17)
763 3621 932 3689 Semonidi
955 3623 1073 3705 ἐλεγεῖα
1097 3628 1132 3688 01
1155 3621 1237 3687 duos
1262 3623 1333 3707 ἰάμ-

192 3738 251 3816 βων
274 3734 380 3800 libros
396 3733 627 3814 vindicamus),
652 3731 710 3799 sed
729 3732 831 3798 etiam
847 3734 898 3813 (ut
914 3731 949 3796 in
966 3730 1182 3813 Archilocho)
1206 3730 1333 3798 iambos

187 3843 222 3910 in
244 3844 383 3929 τρίμετρα
399 3842 581 3929 τετράμετρα
597 3841 743 3913 ἐπωιδούς
766 3839 1013 3908 distribuerent
1036 3839 1177 3906 metrica
1200 3839 1333 3907 ratione
1370 3903 1374 3912 ,

189 3953 251 4019 usi.
299 3951 494 4018 Archilochi
523 3952 707 4017 iamborum
737 3954 809 4016 tres
840 3949 947 4016 libros
971 3948 1127 4016 extitisse
1151 3948 1335 4016 verisimile
1442 4033 1447 4044 „

265 4207 310 4276 16)
330 4222 389 4259 cum
416 4203 586 4278 ίγγωελεγείων
611 4205 691 4259 titulo
712 4200 1160 4260 Α1111111.(111111.111.Ρ.180127
1181 4200 1270 4269 affert,
1289 4201 1337 4270 qui

191 4299 273 4354 etiam
294 4299 407 4370 Tyriaei
428 4303 455 4353 11
472 4316 503 4368 sq
522 4300 549 4352 in
569 4300 729 4369 quibusdam
750 4299 862 4353 Siobaei
882 4298 1021 4352 codicibus
1042 4297 1208 4380 praemissus
1228 4306 1279 4350 esc.

261 4395 307 4463 17)
327 4411 389 4448 nam
410 4395 468 4447 sine
487 4409 571 4447 causa
590 4393 724 4460 Bergkius
743 4392 784 4447 ed.
805 4409 822 4460 p
841 4395 875 4448 33
896 4393 1032 4460 Porphyri
1059 4391 1144 4444 schol.
1171 4390 1206 4443 ed
1235 4389 1332 4445 Horat.

190 4489 387 4555 01111101
409 4487 590 4542 Mimnermus
616 4487 685 4541 duos
710 4487 793 4542 libros
822 4485 1034 4541 luculentissime
1052 4484 1161 4553 scripsit
1189 4483 1334 4557 damppspe

187 4582 301 4638 videtur,
