3186 5106
745 366 786 444 ts

195 570 302 639 sagax
335 549 496 640 quaedam
530 553 723 641 explanatio
757 553 846 642 apud
873 551 1067 622 Platonium
1097 578 1128 620 π.
1161 551 1243 642 hino.
1273 573 1342 644 χαρ.

186 685 214 750 ρ
238 661 268 744 6,
285 662 327 728 73
350 661 450 728 Kaib.
483 661 627 749 legitur:
673 660 818 749 Κρατῖνος
861 666 876 726 ὁ
911 671 964 749 τῆς
1004 668 1133 738 παλαιάς
1168 665 1342 750 κωμωιδίας

194 772 335 856 ποιητής,
360 772 412 835 άτε
437 770 473 856 δὴ
498 769 574 836 κατά
596 769 648 844 τάς
672 771 853 859 Ἀρχιλόχου
879 775 1025 858 ζηλώσεις
1036 772 1093 860 (l),
1118 773 1264 861 αὐστηρὸς
1289 772 1340 859 μὲν
1415 773 1418 778 ’

195 882 258 953 ταῖς
287 880 448 967 λοιδορίαις
471 881 565 945 ἐστίν·
591 882 625 945 οὐ
649 880 705 968 γάρ
731 885 831 968 ὣσπερ
857 881 1077 969 Ἀριστοφάνης
1100 883 1265 970 ἐπιτρέχειν
1288 882 1342 968 τὴν

191 989 277 1076 χάριν
310 994 369 1062 τοῖς
403 992 579 1075 σκώμμασιν
609 993 703 1069 ποιεῖ,
743 990 775 1055 τὸ
809 991 947 1078 φορτικὸν
975 1000 1028 1078 τῆς
1059 994 1259 1078 ἐπιτιμήσεως
1290 991 1340 1057 διά

192 1099 303 1183 ταύτης
338 1101 485 1185 ἀναιρῶν,
526 1099 592 1162 ἀλλ’
625 1100 727 1172 ἁπλῶς
764 1098 841 1164 κατά
872 1100 924 1185 τὴν
959 1101 1118 1186 παροιμίαν
1150 1108 1259 1186 γυμνῆι
1290 1108 1341 1186 τῆι

190 1210 322 1293 κεφαλῆι
360 1207 462 1293 τίθησι
479 1206 481 1208 ’
498 1206 549 1280 τάς
583 1208 776 1296 βλασφημίας
817 1207 893 1272 νατά
925 1215 983 1273 τῶν
1017 1211 1244 1296 ἁμαρτανόντων
1278 1211 1340 1275 κτλ.

193 1338 278 1404 quac
302 1317 506 1404 quambene
530 1317 621 1385 dicta
645 1317 729 1400 sint,
759 1340 832 1384 cum
856 1341 897 1384 ex
919 1318 1116 1386 Archilochi
1139 1317 1341 1405 fragmentis

192 1425 394 1512 intellegere
418 1425 556 1493 difficile
579 1427 635 1509 sit,
661 1426 789 1494 Catulli
811 1427 908 1496 iuvat
929 1428 1104 1495 recordari
1127 1430 1168 1513 (a.
1185 1450 1217 1514 g.
1242 1451 1268 1494 c.
1285 1427 1341 1508 29)

187 1535 227 1599 -et
265 1533 391 1599 Horati
429 1533 558 1621 epodon
593 1535 809 1624 quorundam.
878 1536 980 1604 simili
1016 1535 1113 1603 modo
1151 1537 1341 1620 iambogra·

191 1640 294 1728 phum
316 1638 556 1709 Archilochum
580 1643 733 1732 depingit
756 1645 892 1711 Lucian.
915 1644 1072 1712 Pseudol.
1098 1645 1115 1709 l
1139 1646 1183 1732 (v.
1207 1645 1242 1710 fr
1263 1643 1339 1730 143)

190 1745 384 1833 (Ἀρχίλοχον
407 1749 531 1834 ποιητὴν
548 1748 678 1838 ἰάμβων)
704 1750 796 1836 ἄνδρα
818 1755 941 1837 κομιδῆι
964 1752 1122 1838 ἐλεύθερον
1146 1749 1196 1814 καί
1218 1774 1338 1836 παρρη-

197 1854 257 1918 σίαι
292 1857 430 1938 συνόντα,
468 1857 560 1942 μηδὲν
593 1861 734 1924 ὀκνοῦντα
766 1861 919 1932 ὀνειδίζειν
952 1863 1013 1924 κτλ.
1074 1858 1134 1924 alii
1156 1856 1236 1945 quid
1259 1857 1339 1922 iam-

193 1963 360 2050 bographi
388 1973 509 2053 poetae
532 1965 734 2053 prodessent
758 1966 1000 2054 explanabant,
1035 1965 1129 2033 velut
1148 1965 1213 2032 Dio
1238 1965 1339 2031 or.33

190 2071 291 2138 1300
322 2072 380 2160 qui
401 2074 549 2140 Homero
579 2074 752 2142 laudatori
784 2075 923 2162 opponit
946 2073 1202 2141 Archilochum:
1232 2072 1340 2160 Ἀρχί-

192 2181 280 2264 λοχος
314 2179 346 2242 δὲ
379 2177 427 2243 ἐπὶ
457 2179 510 2264 τὴν
534 2181 666 2244 ἐναντίαν
689 2181 761 2265 ἧκε,
794 2181 826 2243 τὸ
859 2181 976 2266 ψέγειν,
1010 2180 1089 2265 ὁρῶν
1121 2178 1202 2265 οἶμαι
1231 2181 1336 2244 τούτου

193 2289 304 2371 μάλλον
328 2287 486 2372 δεομένους
509 2287 576 2360 τοὺς
600 2289 794 2375 ἀνθρώπους,
826 2287 876 2353 καὶ
901 2294 1015 2374 πρῶτον
1047 2288 1135 2353 αὑτὸν
1169 2289 1253 2375 ψέγει
1275 2290 1337 2352 κτλ.

191 2395 294 2462 etiam
324 2396 445 2463 Iulian.
469 2397 632 2484 Misopog.
647 2399 738 2465 337b
761 2397 815 2482 τὴν
838 2399 879 2470 εἰς
902 2397 970 2470 τοὺς
993 2399 1167 2470 ἀδικοῦντας
1191 2396 1339 2484 λοιδορίαν

191 2504 333 2592 respicit
370 2527 568 2593 quamquam
599 2530 666 2573 non
697 2505 825 2572 laudat.
854 2545 897 2553 -
935 2505 1014 2593 quid
1041 2504 1174 2572 iambici
1203 2503 1338 2591 generis

190 2613 239 2680 sit
262 2614 386 2682 multos
403 2614 540 2680 illorum
556 2616 649 2686 recte
666 2614 860 2702 exposuisse
883 2613 1045 2680 videmus.
1091 2618 1206 2680 tamen
1229 2616 1337 2696 erant,

194 2723 251 2812 qui
285 2723 525 2796 Archilochum
562 2723 778 2791 vehementer
814 2714 1069 2811 vituperarent;
1116 2723 1174 2789 sed
1211 2721 1339 2788 acriter

193 2831 373 2898 tenendum
396 2835 459 2913 est,
488 2831 524 2898 id
540 2831 629 2920 quod
651 2830 852 2899 Welckerus
877 2853 989 2918 opusc.
1004 2829 1023 2896 Ι
1038 2832 1081 2898 89
1097 2854 1137 2918 sq
1165 2827 1340 2911 indicavit,

195 2937 379 3026 opprobria
404 2940 492 3027 apud
516 2939 723 3007 vetustiores
748 2939 907 3022 Graecos,
933 2939 1055 3026 quippe
1080 2938 1196 3025 quiet
1219 2936 1338 3022 ‹lege-

196 3068 277 3112 nere
301 3051 336 3112 et
359 3044 400 3112 dc
423 3052 525 3134 poeta
553 3052 647 3115 recte
675 3045 883 3130 iudicarent,
916 3069 983 3112 non
1013 3044 1174 3128 inveniri,
1208 3045 1339 3131 vitupe-

194 3153 361 3221 rationem
393 3177 500 3242 ncque
529 3153 672 3221 Pindari
693 3154 831 3238 P1155
865 3152 990 3240 ψυχεράς
1021 3152 1198 3240 Ἀρχίλοχος
1232 3174 1340 3239 neque

194 3260 441 3329 Alcidamautis
475 3263 589 3330 verbis
620 3285 672 3350 ap.
697 3262 845 3329 Aristot.
867 3261 1064 3328 rheuma
1094 3260 1202 3347 Πάριοι
1234 3259 1340 3346 Ἀρχί-

194 3373 283 3457 λοχον
306 3369 412 3458 καίπερ
444 3371 622 3458 βλάσφημον
653 3369 723 3433 ὄντα
753 3371 943 3454 τετιμήκασιν
974 3368 1084 3435 inesse
1093 3391 1100 3452 ;
1137 3367 1252 3434 eadem
1283 3389 1338 3433 res

193 3486 246 3549 est
274 3481 309 3547 in
332 3477 520 3547 comoediae
544 3477 726 3545 Cratineae
749 3475 923 3564 Ἀρχίλοχοι
946 3475 1050 3542 titulo
1074 3482 1109 3542 et
1131 3474 1166 3541 in
1190 3473 1339 3561 Gorgiae

192 3586 477 3674 apophthegmata
499 3584 637 3670 (Athen.
652 3584 828 3671 Xl505e),
858 3583 915 3672 qui
938 3582 1115 3649 Platonem
1145 3582 1210 3646 νέον
1235 3579 1340 3666 Ἀρχί-

192 3700 283 3783 λοχον
319 3695 509 3784 appellasse
544 3693 667 3762 fertur.
720 3717 762 3760 nc
795 3693 885 3782 apud
916 3692 1057 3759 Latinos
1096 3689 1230 3779 quidem
1264 3710 1339 3757 auo

192 3807 286 3872 tores
310 3804 407 3872 velut
425 3803 531 3871 Lucil.
557 3804 590 3870 fr
615 3802 732 3883 655L,
749 3809 849 3868 melao
881 3810 917 3866 at
944 3803 1018 3884 [leri
1047 3801 1168 3881 possit,
1198 3819 1250 3882 eqo
1279 3818 1339 3880 quo

192 3917 230 3980 ah
267 3915 454 3982 Archilocho
491 3915 615 3997 excido,
663 3911 729 3980 (lic.
753 3918 824 3978 nat.
849 3910 941 3978 deor.
965 3907 1083 3973 11191
1125 3928 1221 3990 neque
1255 3906 1340 3980 caim

191 4046 277 4109 quem
310 4025 523 4106 Hipponactis
555 4023 678 4088 iambus
713 4023 847 4087 laeserat
881 4025 936 4086 acl
970 4019 1024 4101 qai
1047 4023 1124 4082 -eeal
1158 4015 1341 4081 Archilochi

191 4153 282 4198 versa
311 4132 496 4196 vulneratas
531 4153 550 4193 a
584 4131 640 4195 deo
673 4131 838 4194 laurissam
871 4128 1029 4207 dolorem,
1070 4145 1133 4188 ιιοα
1165 4129 1341 4204 conceptum

191 4261 213 4304 a
249 4259 282 4302 se
311 4239 379 4319 ipso
416 4237 607 4317 eoulihehal,
657 4236 692 4302 cf
723 4234 766 4300 ad
795 4229 1185 4314 Att.1120,6.21‚4,
1226 4235 1266 4297 ut
1300 4228 1341 4311 de

193 4345 339 4413 Horatio
368 4352 516 4426 taceam,
547 4347 668 4431 poetae
698 4341 867 4409 acerbitas
891 4339 1117 4427 vituperatur.
1208 4337 1341 4424 vitupe-

193 4452 360 4520 rationem
383 4450 527 4540 primum
551 4449 640 4538 apud
664 4448 904 4517 Callimachum
926 4443 1074 4514 inveniri
1095 4443 1237 4514 iudicem
1261 4467 1341 4512 sane

192 4560 434 4654 gravissimum
458 4564 559 4629 antea
582 4559 737 4628 vidimus.
782 4562 862 4646 post
885 4581 959 4624 eum
974 4553 1179 4621 Plutarchus
1202 4553 1257 4620 hic
1270 4553 1343 4659 illic

1075 4663 1097 4728 2
1110 4665 1126 4702 ss
