3186 5106
699 411 741 478 43

150 594 243 658 esset
265 587 455 676 τρίατροφον)
479 578 539 656 sed
561 585 594 652 τὸ
614 585 788 675 Ἀρχιλόχου
814 585 910 672 ρέλος,
933 586 1099 661 καλλίνικος
1123 589 1138 652 ὁ
1161 591 1296 674 τριπλόος

150 703 318 789 κεχλαδώς.
375 698 456 789 quid
491 697 556 766 sibi
589 697 740 767 voluerit
769 701 914 786 apparet
948 721 990 766 ex
1020 699 1198 790 Aristoph.
1212 701 1294 770 Ach.

148 809 494 900 1227sqqu.1764:
518 811 646 894 τήνελλα
668 808 835 902 καλλίνικος
858 808 1081 878 uentitabant.
1125 810 1187 878 hoo
1216 810 1294 879 Pin-

149 922 252 992 darus
276 942 411 988 carmen
433 917 632 987 Archilochi
654 918 755 1005 dioit3
784 919 922 988 videtur
944 919 1053 1008 igitur
1075 922 1165 1010 apud
1175 921 1296 990 Archi·

149 1031 282 1100 loohum
304 1029 472 1128 extitisse.

236 1142 372 1224 Restat,
396 1142 436 1207 ut
459 1160 565 1227 pauca
587 1137 628 1206 de
652 1137 794 1226 singulis
819 1138 1019 1227 quibusdam
1047 1138 1130 1208 locis
1164 1138 1293 1208 addam.

237 1251 270 1321 9.
295 1248 384 1338 quod
405 1247 573 1316 traditum
596 1251 650 1316 est
675 1249 793 1335 δαλίτρς
816 1247 934 1316 Fichio
958 1249 1176 1318 offensionem
1198 1272 1295 1339 prae·

150 1359 233 1444 buit,
259 1383 355 1449 quem
378 1364 517 1448 praeter
541 1357 625 1425 alios
649 1358 802 1425 Hillerus
827 1361 871 1426 et
895 1358 1035 1427 Crusius
1068 1359 1176 1428 secuti
1205 1364 1294 1427 suut.

148 1470 285 1538 Ficlrius
309 1473 345 1537 et
367 1469 590 1536 Hoffmannus
612 1491 680 1535 non
703 1467 810 1537 solum
833 1468 895 1536 hoo
923 1462 1000 1536 loco
1024 1469 1215 1538 breviorem
1239 1469 1295 1536 da·

149 1580 215 1648 tivi
236 1580 378 1647 formam
400 1579 435 1644 in
459 1605 516 1652 -οις
539 1603 599 1652 -αις
623 1578 737 1646 delere
754 1578 911 1648 student:
935 1601 1021 1667 quae
1043 1579 1125 1645 mihi
1146 1579 1296 1647 locorum

148 1688 368 1758 multitudine
391 1688 476 1757 satis
500 1687 636 1756 defendi
658 1687 830 1770 videntur,
854 1688 912 1776 qui
935 1688 1074 1760 suntin
1089 1688 1294 1756 Archilocho

151 1800 188 1867 hi
208 1799 477 1882 235616529433
511 1803 692 1886 praeterea
715 1798 939 1866 Archilochus
963 1799 1019 1868 132
1050 1799 1166 1866 eodem
1198 1799 1295 1865 modo

149 1908 262 1977 utitur
284 1908 412 1997 plurali
434 1906 587 1995 τερπωλὰς
616 1906 668 1973 καί
692 1908 798 1982 θαλίας
828 1908 958 1995 ἐφέπων,
984 1907 1020 1974 cf
1031 1907 1166 1975 Hesiod.
1181 1907 1219 1975 O.
1232 1908 1295 1976 115

149 2017 281 2106 τέρποντ’
306 2020 335 2082 ἐν
361 2018 496 2104 θαλίηισι
519 2018 580 2085 Th.
594 2018 658 2084 917
681 2018 785 2083 ίλαλίαι
807 2017 859 2082 καί
881 2019 982 2105 τέρψις
1006 2020 1119 2103 ἀοιδῆς.

237 2127 423 2215 fragmenti
445 2127 486 2194 21
510 2127 581 2195 bini
611 2150 731 2195 versus
767 2127 857 2216 apud
879 2126 1100 2194 Plutarchum
1132 2133 1167 2194 et
1189 2125 1295 2194 Athe-

147 2261 267 2327 uacum
289 2237 460 2325 leguntur,
494 2261 575 2326 quos
600 2236 770 2324 Borghius
805 2236 988 2304 coniunxit.
1034 2240 1136 2325 atque
1171 2235 1297 2324 optime

150 2347 284 2438 quidem
295 2346 402 2416 sensit
415 2369 499 2436 quae
508 2347 600 2414 inter
614 2370 670 2415 eos
683 2347 875 2416 intercedat
888 2346 1117 2431 necessitud0;
1142 2347 1201 2414 sed
1213 2346 1295 2414 ordo
1371 2393 1373 2398 -

153 2458 195 2524 ah
212 2480 250 2525 eo
267 2454 474 2524 constitutus
492 2454 658 2543 displicet.
694 2478 771 2522 nam
788 2455 1030 2541 verbis⁶has—
1042 2457 1204 2544 ἐπιστεφής
1221 2461 1302 2526 ante

148 2567 261 2634 oculos
284 2564 455 2654 ponitur
445 2587 555 2652 rmago
587 2587 672 2652 quae
701 2565 795 2632 nullo
818 2565 915 2632 modo
940 2564 1050 2632 causis
1074 2589 1116 2652 eg
1095 2569 1152 2634 oet
1174 2566 1295 2655 quibus

146 2674 360 2743 defendatur.
396 2675 449 2742 sin
471 2675 617 2742 tolerari
638 2678 763 2763 posset,
789 2681 828 2742 ut
852 2697 953 2742 causa
969 2674 1167 2760 adderetur,
1199 2684 1294 2745 certo

147 2809 215 2853 non
246 2783 417 2872 generalis
447 2783 619 2861 sententia
648 2785 709 2852 hoc
732 2785 829 2852 modo
856 2784 1063 2872 singularem
1087 2791 1295 2873 sequeretur.

146 2895 245 2962 immo
274 2894 328 2961 hic
362 2896 415 2961 est
449 2893 696 2962 sententiarum
728 2917 892 2961 conexus:
928 2899 1045 2981 ‘neque
1069 2893 1156 2961 enirn
1178 2896 1298 2984 pulcra

148 3004 244 3091 regio
276 3006 339 3088 est,
369 3002 478 3090 qualis
508 3002 690 3090 illaquam
715 3003 799 3071 Siris
824 3003 961 3088 adfluit;
994 3004 1050 3090 <ea
1073 3003 1203 3073 scilicet
1226 3003 1296 3073 fru-

146 3117 260 3182 mento
282 3113 361 3181 vino
386 3113 459 3180 oleo
483 3113 659 3199 abundat),
684 3113 766 3181 haec
789 3136 870 3182 vero
894 3114 957 3180 -’.

232 3224 284 3290 32.
456 3225 557 3310 ὥσπερ
582 3225 677 3288 autur
701 3228 804 3313 βρῦτον
830 3224 915 3311 ἢΘρ
920 3226 963 3310 ini
988 3223 1063 3311 ἀνὴρ

332 3331 500 3419 ἢΦρὺξε
486 3332 545 3419 ἔρβ
541 3337 602 3416 ude,
627 3333 701 3422 κύβδ
704 3334 815 3399 αδ’
798 3359 834 3420 ην
857 3334 1033 3419 πονε.υμένη

147 3440 468 3510 Wilamowitzius
458 3465 493 3509 rn
516 3443 661 3510 Hermae
685 3442 751 3512 vol.
766 3443 808 3509 33
831 3443 929 3532 ρ515
959 3442 1187 3510 coniecturam
1210 3443 1294 3512 satis

148 3555 277 3620 certam
299 3575 361 3639 pro
386 3551 492 3639 ἔβρυζε
515 3553 663 3640 protulit
686 3551 786 3638 ἔραζε.
822 3555 966 3641 propter
995 3552 1170 3620 metricam
1193 3552 1296 3619 offen·

146 3662 272 3731 sionem
294 3660 447 3730 Hillerus
470 3663 612 3730 verbum
634 3665 833 3750 corruptum
856 3662 1003 3729 habebat
1026 3661 1061 3728 in
1083 3660 1296 3729 Fleckeiseni

144 3771 233 3838 Ann.
248 3771 342 3855 1889,
357 3771 408 3854 66,
434 3770 491 3858 qui
513 3773 627 3838 tamen
649 3771 813 3838 medelam
835 3795 902 3838 non
924 3770 1064 3838 invenit.
1101 3793 1165 3858 quo
1189 3773 1293 3838 verbo

147 3882 301 3950 correcto
324 3880 455 3947 nullum
476 3880 512 3947 in
535 3880 684 3949 servatis
713 3880 847 3969 quidem
871 3880 1068 3947 Archilochi
1091 3880 1294 3966 fragmentis

146 3997 200 4060 est
223 3989 407 4078 vestigium
429 3990 556 4057 vocalis
580 3994 660 4058 ante
682 3995 810 4057 mutam
842 4013 915 4056 cum
945 3990 1073 4078 liquida
1105 3993 1293 4078 correptae.

234 4100 289 4170 392
312 4101 392 4187 post
425 4101 565 4167 verbum
596 4098 672 4186 ἴδρις
706 4099 742 4165 in
764 4099 997 4186 Etymologici
1021 4098 1105 4166 Gen.
1129 4099 1293 4167 codiccB

144 4207 276 4296 legitur
299 4210 457 4293 οὐδαμῶς,
488 4209 523 4275 in
546 4208 579 4274 A
603 4209 783 4276 secundum
806 4207 1112 4276 Reitzensteinium
1136 4208 1203 4275 ind.
1226 4209 1293 4276 Ro·
1358 4217 1359 4220 ’

143 4318 249 4386 stoch.
274 4318 374 4398 elsua
397 4318 476 4406 p14
498 4318 549 4386 ita
572 4319 685 4404 οὐδαρι
720 4321 835 4386 cetera
857 4317 1097 4405 Etymologica
1127 4317 1188 4385 hoo
1218 4340 1294 4385 ver-

142 4425 222 4492 bum
245 4423 424 4509 omittunt,
459 4423 495 4491 id
525 4424 614 4513 quod
641 4413 710 4492 non
733 4446 898 4492 curamus.
945 4445 966 4490 a
988 4420 1110 4491 codicis
1134 4421 1168 4488 A
1191 4421 1295 4512 scrip·

145 4535 227 4600 tura
256 4555 331 4600 cum
362 4533 501 4622 plurimi
531 4533 600 4602 viri
631 4533 723 4601 docti
746 4533 1044 4621 proficiscerentur
1066 4530 1293 4599 Reitzenstei-

145 4641 221 4712 nius
246 4644 387 4713 verbum
409 4645 451 4713 ab
482 4645 564 4733 ἀρόο
588 4643 782 4713 derivatum
806 4642 984 4733 quaesivit,
1015 4641 1293 4730 Peppmuellorus
