3186 5106
795 401 878 468 40.

245 577 332 646 binis
356 577 439 646 colis
462 576 658 666 aequalibus
682 578 826 643 constat.
862 575 910 643 sic
933 576 973 643 de
986 574 1190 642 Archilocho
1211 574 1296 641 nihil
1319 597 1394 642 con·

245 691 318 756 stat
341 683 407 755 nisi
423 686 535 756 simias
559 686 594 752 in
610 687 729 753 fabula
751 685 902 773 quadam,
928 685 1029 752 simili
1051 685 1148 752 modo
1173 709 1236 773 quo
1253 684 1396 752 Hesiodi

245 798 350 882 fucos,
374 796 536 885 pigritiae
552 800 592 864 ut
613 796 750 863 videtur
768 796 955 882 exemplum
969 795 1086 861 fuisse.
1121 795 1187 861 alio
1203 795 1311 881 igitur
1326 818 1395 859 mu·

245 929 326 974 nere
349 907 485 975 functae
519 910 598 974 sunt
632 910 733 994 atque
761 904 796 970 in
829 927 868 971 ea
890 905 1006 971 fabula
1037 905 1243 992 pervulgata
1266 905 1306 972 de
1329 927 1396 991 qna

246 1013 386 1086 Orosius
410 1016 445 1084 iu
468 1016 620 1105 opusculi
642 1015 739 1082 initio
763 1037 824 1080 nos
848 1014 991 1081 edocuit.

331 1127 404 1194 Iam
427 1126 551 1215 spuriis
576 1124 774 1213 quibusdam
797 1124 999 1210 fragmentis
1024 1146 1160 1212 operam
1183 1123 1307 1191 demus.

331 1235 366 1302 fr
382 1235 424 1302 14
446 1236 657 1302 Aristoteles
681 1235 761 1301 Eth.
774 1233 859 1299 Eud.
877 1233 981 1301 VIM
1005 1235 1056 1300 ita
1079 1235 1184 1300 affert
1208 1232 1257 1298 διὰ
1279 1232 1335 1320 γὰρ
1357 1234 1392 1296 τὸ

244 1347 388 1433 χρήσιμοι
411 1343 486 1412 εἶναι
510 1349 644 1433 φιλοῦσιν
668 1346 815 1430 ἀλλήλους
837 1341 890 1407 καί
906 1341 992 1430 ρεχρί
1015 1344 1132 1424 τούτου,
1157 1346 1258 1430 ὥσπερ
1281 1347 1300 1430 ἡ
1324 1367 1393 1408 ποι-

247 1456 396 1542 ροιρία·

334 1565 443 1630 Γλαῦκ’
460 1565 613 1650 ἐπίκουρος
635 1563 711 1649 ἀνὴρ
727 1565 831 1628 τίοοον
849 1563 943 1648 φίλος,
967 1561 1035 1626 ἔσκε
1059 1562 1191 1649 μάχηται
1216 1563 1275 1649 [τὸν
1300 1565 1393 1650 σορὸν

246 1674 347 1761 φίλους
371 1673 511 1762 Bergk}
556 1671 775 1755 Aristoteles,
809 1695 882 1738 curn
905 1672 995 1738 dicat
1017 1695 1153 1740 versum
1176 1673 1393 1761 proverbium

246 1805 329 1865 esse,
353 1783 394 1850 de
417 1782 619 1849 Archilocho
642 1805 709 1848 non
731 1781 871 1868 cogitat.
906 1804 1028 1848 revera
1052 1805 1186 1849 versum
1209 1785 1251 1849 ab
1272 1784 1394 1850 Archi-

249 1892 344 1960 locho
368 1893 513 1959 alienum
537 1915 609 1959 esse
624 1891 767 1959 metrica
787 1891 921 1958 ratione
937 1895 1196 1960 consentancum
1219 1897 1291 1977 est;
1315 1916 1391 1960 narn

139 2014 142 2020 '
246 2002 313 2070 et
304 2026 339 2068 1n
362 2003 518 2088 ἐπίκουρος
540 2002 607 2068 et
597 2026 633 2068 rn
649 2002 723 2086 ἀνὴρ
709 2001 966 2086 pAlexandrini
982 2000 1040 2089 qui
1063 2001 1188 2069 dicitur
1204 2002 1394 2070 hexametri

245 2112 338 2198 leges
371 2134 391 2178 a
413 2111 469 2180 W
493 2111 632 2198 Meyero
659 2111 1129 2198 (act.soc.Bav.1885,980)
1151 2120 1310 2201 repertae
1337 2137 1391 2180 ne·

244 2223 376 2309 glectae
399 2224 488 2303 sunt,
514 2242 595 2308 quas
618 2219 841 2286 Archilochus
866 2223 1000 2287 secutus
1023 2224 1085 2288 est.

333 2331 373 2398 de
396 2331 431 2396 fr
448 2331 488 2395 15
521 2328 600 2418 quid
623 2329 839 2396 statuendum
867 2329 927 2413 sit,
961 2330 1152 2397 iamdudum
1174 2332 1365 2400 Hiilcrus
1355 2358 1390 2400 1n

244 2439 456 2507 Fleckeiseni
478 2440 588 2505 annal.
615 2439 707 2520 1889,
720 2438 784 2504 344
808 2439 932 2526 optime
957 2441 1126 2527 exposuit:
1151 2440 1334 2528 Syriannm
1355 2445 1391 2510 in

246 2550 348 2618 schol.
365 2548 600 2635 Hermoglss,
615 2548 656 2613 12
668 2549 716 2614 a
739 2571 813 2614 eum
843 2571 979 2615 versum
1010 2557 1064 2615 τῶι
1087 2551 1118 2614 ἐν
1143 2551 1283 2638 Μιλὴτωι
1315 2555 1390 2618 deas

244 2645 415 2742 tribuere·;
439 2658 527 2725 idem
549 2656 624 2724 fieri
646 2657 681 2722 in
705 2657 807 2726 schol.
831 2678 927 2723 anon.
952 2681 973 2726 a
996 2659 1139 2726 Maximo
1163 2661 1315 2730 Planude
1337 2686 1388 2730 re-

245 2767 363 2856 petitis
387 2767 570 2836 V441W.:
595 2770 715 2834 contra
736 2767 918 2834 Iohannem
937 2768 1131 2837 Siceliotam
1146 2771 1307 2841 V196W.
1324 2774 1389 2840 Ar·
1449 2825 1459 2852 ,

246 2874 388 2946 c'hiloohi
410 2900 529 2944 nomen
558 2877 731 2964 praebere.
778 2874 837 2942 sed
869 2880 1049 2966 utrumque
1083 2879 1265 2966 Syriarum
1296 2884 1389 2972 sequi

244 2987 436 3056 iamdudum
459 2990 625 3068 constare,
649 3008 770 3052 nomen
792 2984 900 3072 igitur
923 3009 943 3054 a
965 2987 1113 3056 Iohanne
1135 2990 1301 3058 insertum
1325 3015 1389 3059 orn·

243 3098 321 3165 nino
344 3096 471 3163 nullius
496 3118 569 3162 esse
592 3094 821 3162 auctoritatis.
861 3100 981 3162 eontra
1004 3120 1076 3164 eam
1098 3100 1389 3170 ratiocinationem

248 3208 327 3296 quid
343 3205 493 3293 proferri
506 3205 622 3292 possit,
649 3204 800 3291 equidem
816 3227 882 3271 non
897 3206 1006 3274 video.
1041 3208 1139 3276 immo
1156 3211 1286 3297 gaudeo
1303 3212 1390 3299 quod

244 3317 314 3383 tole
338 3314 464 3382 dictum
488 3337 552 3381 non
576 3313 774 3379 Archilochi
797 3337 869 3381 esse
892 3316 1096 3401 gravissima
1118 3341 1219 3386 causa
1242 3345 1389 3410 compro·

242 3427 357 3492 batum
387 3427 449 3491 est.
495 3446 601 3510 neque
631 3429 724 3490 recte
756 3422 839 3490 fecit
863 3423 1012 3510 Orosius,
1046 3428 1104 3515 qui
1133 3430 1208 3516 τύχη
1235 3436 1270 3498 et
1301 3437 1389 3517 μοῖρα

245 3533 385 3602 insertis
398 3531 655 3600 Archilocheam
679 3532 881 3599 sententiam
905 3536 990 3602 effici
1013 3537 1078 3603 sibi
1100 3540 1272 3625 persuasit
1283 3541 1388 3609 Anth.

242 3643 340 3732 pXI,
370 3643 489 3731 quibus
523 3642 718 3708 hexameter
752 3641 895 3710 deletur.
950 3668 1069 3714 versus
1103 3649 1303 3717 recentioris
1337 3673 1390 3718 ae-

243 3753 327 3822 tatis
351 3776 425 3820 esse
448 3751 605 3834 videtur,
639 3749 691 3817 cni
713 3752 958 3839 praemittatur
982 3755 1100 3824 similis
1132 3758 1217 3825 οὐδὲν
1241 3758 1311 3825 ἄνευ
1334 3786 1390 3824 κα-

244 3863 337 3949 μάτου
360 3863 444 3928 πέλει
466 3861 606 3949 ἀνδράσιν
623 3859 742 3934 εὐπετὲς
764 3861 857 3946 ἔργον,
881 3864 939 3950 qui
953 3863 1391 3957 interPseudophooylidea

243 3973 306 4041 162
328 3972 467 4060 legitur.
513 3971 616 4039 etiarn
638 3969 674 4036 id
688 3971 901 4059 profecimus,
927 3975 1015 4060 qnod
1038 3977 1150 4044 brevis
1168 3980 1293 4047 vocalis
1311 3984 1390 4047 ante

240 4087 368 4150 mutam
390 4104 463 4149 cum
484 4079 614 4169 liquido
636 4104 668 4144 τε
693 4081 810 4167 βροτείη
842 4081 878 4146 in
900 4081 1105 4152 Archilocho
1141 4095 1318 4176 correptae
1342 4091 1388 4156 al-

240 4196 352 4259 terum
368 4190 506 4260 evanuit
522 4189 717 4277 exemplum.
762 4211 902 4278 parvam
921 4194 1111 4281 scripturae
1128 4195 1391 4286 discrepantiam

241 4299 491 4389 praeterissem,
515 4299 582 4367 nisi
601 4299 822 4367 Hoffmannns
844 4301 1063 4370 ornantur
1086 4329 1125 4372 ea
1145 4309 1267 4374 abusus
1287 4311 1386 4375 esset.

241 4433 303 4499 pro
317 4409 457 4496 Syriani
477 4413 512 4477 et
524 4409 683 4476 Iohannis
699 4409 871 4496 scriptura
888 4412 1008 4497 θνητοῖς
1024 4413 1059 4479 in
1071 4415 1274 4482 scholiorum
1290 4440 1385 4484 anon.

242 4518 408 4588 codicibus
428 4520 555 4586 duobus
576 4516 742 4586 Parisinis
759 4521 794 4585 et
808 4518 1002 4592 Monacensi
1016 4525 1144 4612 legitur
1163 4529 1284 4614 βροτοῖς,
1303 4549 1387 4614 quae

243 4629 314 4698 sine
330 4629 537 4699 auctoritate
553 4630 675 4696 effecta
697 4628 785 4716 (nam
809 4651 850 4697 ex
873 4633 993 4724 βροτείη
1017 4639 1179 4725 corrupta
1201 4659 1275 4704 esse
1298 4636 1388 4706 vide·
