3186 5106
817 363 859 431 22

271 535 450 606 secundum
471 537 658 625 Diogenem
679 539 820 606 alxi
856 539 1013 607 censebat
1045 541 1093 604 τόν
1127 530 1300 623 θ’θ’θμηρον
1329 533 1409 608 ἄξιον

269 648 303 710 ἐκ
326 653 383 710 τῶν
408 648 533 730 ἀγώνων
556 649 757 736 ἐκβάλλεσθαι
775 647 825 714 καὶ
843 650 1022 736 ῥαπίζεσθαι
1036 634 1085 712 καὶ
1101 646 1272 734 Ἀρχίλοχον
1288 645 1407 730 ὁμοίως.

268 753 304 819 in
326 754 564 822 certaminibus
588 756 697 844 igitur
711 757 844 824 musicis
861 757 1103 824 recitabantur.
1148 778 1209 842 per
1225 752 1411 842 compluria

268 860 403 928 saecula
425 885 499 928 oum
521 886 617 930 usum
640 864 781 932 durasse
804 865 1029 951 agnoscimus:
1053 864 1089 930 in
1107 863 1188 930 lone
1203 861 1337 949 dialogo
1348 861 1409 928 So-

269 972 382 1036 crates
400 969 485 1036 Iona
506 972 710 1060 rhapsotlum
733 973 790 1044 ita¹
806 973 1001 1060 interrogat
1030 973 1123 1059 psai
1149 972 1197 1054 (of
1207 970 1299 1050 532);
1324 969 1409 1031 πότε-

272 1105 320 1167 ρον
344 1075 568 1167 περὶὋμήρου
593 1083 680 1165 μόνον
705 1080 799 1154 δεινὸς
822 1080 849 1145 εἷ
875 1087 895 1166 ἢ
927 1079 976 1145 καὶ
1007 1077 1240 1165 περὶἫσιόδοο
1269 1074 1319 1140 καὶ
1343 1073 1408 1161 Ἀρ-

272 1189 415 1274 χιλόχοο;
441 1186 515 1252 iure
538 1186 646 1273 igitur
662 1186 884 1274 Peripatetici
907 1209 979 1254 eam
994 1209 1064 1253 rem
1081 1187 1215 1272 dignam
1229 1185 1408 1267 habebant,

270 1295 311 1362 de
333 1295 456 1382 quain
478 1293 603 1361 libellis
628 1295 697 1362 suis
720 1297 825 1363 verba
844 1295 1015 1362 facerent:
1040 1317 1156 1382 nempe
1171 1294 1409 1380 gravissimum

271 1409 347 1472 erat
371 1404 456 1471 scire
478 1403 539 1469 hos
569 1426 708 1490 magnos
737 1411 855 1492 poetas
884 1427 946 1492 per
976 1404 1113 1489 longum
1147 1407 1279 1490 tempus
1310 1400 1411 1468 festis

266 1513 386 1580 diebus
410 1535 483 1579 oum
506 1514 652 1580 cuiusvis
667 1513 763 1580 artis
786 1513 993 1600 principibus
1018 1513 1177 1580 sollemne
1206 1512 1309 1579 inisse
1339 1533 1410 1579 oer-

269 1624 392 1687 tamen.
438 1643 456 1686 e
484 1620 603 1707 quibus
627 1619 823 1688 Athenaeus
845 1619 931 1688 XIV
953 1621 1042 1687 62οο
1065 1619 1263 1686 Clearchum
1285 1621 1409 1686 testem

269 1728 388 1794 affert:
413 1724 571 1815 Κλέαρχος
595 1731 619 1792 δ’
630 1731 660 1792 ἐν
684 1739 733 1793 τῶι
749 1729 895 1815 προτέρωι
911 1727 978 1814 περὶ
1000 1729 1113 1814 γρίφων
1151 1718 1203 1791 ‘coi
1226 1725 1409 1814 Ἀρχιλόχου,

273 1836 374 1921 φησίν,
398 1838 428 1919 [ὁ
445 1835 509 1903 del.
527 1836 644 1920 Καλὴ]
668 1836 835 1922 Σιμωνίδης
852 1839 867 1899 ὁ
884 1836 1046 1908 Ζακύνθιος
1069 1837 1099 1899 ἐν
1123 1837 1183 1907 τοῖς
1208 1834 1342 1919 θεάτροις
1360 1831 1409 1897 ἐπὶ

273 1945 380 2030 δίφρου
403 1947 573 2031 καθήμενος
596 1945 783 2032 ἐραψώιθει’.
838 1945 873 2010 in
895 1944 1041 2011 theatris
1065 1948 1178 2010 autem
1200 1946 1236 2008 et
1258 1941 1293 2007 in
1316 1941 1408 2008 odeis

270 2050 434 2138 imprimis
458 2051 709 2132 recitabantur,
744 2051 787 2117 ad
821 2073 905 2137 quae
934 2049 1111 2138 rhapsodis
1146 2048 1275 2114 aditum
1304 2047 1409 2115 fuisse

271 2159 356 2226 satis
380 2162 524 2227 constat.
571 2181 611 2226 ea
633 2159 674 2225 de
698 2180 798 2226 causa
819 2158 1045 2240 Aristotelea
1076 2180 1140 2244 quo
1163 2179 1228 2222 uno
1258 2152 1409 2240 exemplo

270 2267 456 2354 defungar,
490 2267 525 2333 in
551 2268 623 2334 Pol.
641 2269 752 2334 13361ο
767 2268 811 2334 20
842 2271 940 2335 vetat
961 2267 1088 2334 iambos
1115 2270 1150 2333 et
1181 2263 1366 2332 comoedias
1390 2282 1411 2326 a

272 2374 387 2461 pueris
411 2375 568 2461 spectari.
630 2399 709 2440 num
730 2374 925 2455 Archilochi
948 2373 1100 2462 exempla
1122 2372 1241 2461 quibus
1265 2370 1318 2438 illi
1339 2374 1412 2436 ute·

270 2483 395 2552 bantur
417 2485 536 2552 crebro
561 2506 623 2548 usu
647 2481 790 2550 similem
810 2481 846 2548 in
868 2483 999 2550 modum
1022 2487 1123 2569 atque
1139 2477 1319 2547 Homerica
1335 2500 1409 2545 ver·

272 2590 390 2674 borum
414 2606 637 2677 versuumque
667 2589 781 2656 varias
809 2590 935 2677 species
968 2589 1200 2675 effingebant?
1245 2612 1304 2656 nos
1339 2587 1410 2677 qui-

271 2696 345 2764 dam
375 2696 416 2764 de
446 2719 485 2764 ea
514 2719 552 2763 re
579 2696 664 2762 nihil
697 2697 836 2762 scimus:
873 2701 1083 2769 tamennon
1115 2696 1324 2765 reticendum
1357 2698 1411 2762 est

273 2797 503 2898 compluribus
522 2805 604 2872 locis
628 2805 776 2894 duplices
800 2805 892 2873 tradi
923 2805 1110 2893 scripturas
1143 2828 1239 2893 quae,
1258 2806 1410 2897 ¹fortasse

219 2973 229 2988 ,
271 2912 349 2984 iude
373 2913 537 3000 originem
560 2912 695 2980 ducunt.
784 2937 890 3001 neque
913 2936 994 2982 vero
1017 2936 1152 2980 necesse
1185 2920 1238 2982 est
1272 2937 1327 2983 cas
1360 2937 1410 2981 re-

271 3022 363 3110 spici,
387 3026 426 3089 ut
448 3023 540 3089 illius
564 3022 743 3090 memoriae
766 3022 1003 3109 intellegamus
1025 3023 1233 3109 gravitatem
1249 3046 1334 3111 quae
1348 3046 1410 3112 por

270 3131 407 3218 longum
430 3137 562 3219 tempus
585 3132 652 3198 nisi
686 3132 759 3198 sola
792 3136 905 3202 tamen
933 3130 1142 3198 nobilissima
1174 3131 1301 3200 occasio
1336 3117 1426 3200 erat'

268 3244 389 3329 poetae
413 3242 643 3327 cognoscendi.

357 3349 504 3418 Athenis
527 3350 635 3417 medio
662 3350 735 3418 fere
767 3350 884 3438 quinto
917 3348 1048 3417 saeculo
1073 3335 1311 3416 Archilochum
1345 3373 1411 3417 om·

272 3457 369 3524 nibus
393 3461 510 3525 notum
533 3458 638 3526 fnisse
661 3459 822 3527 videmus.
868 3459 1121 3526 nam'Cratinus
1145 3459 1275 3527 cumin
1290 3460 1412 3527 Archi-

272 3565 376 3664 lochio
400 3567 444 3632 ad
463 3570 586 3654 poetae
609 3591 743 3662 versum
776 3569 833 3657 qui
867 3572 919 3635 ost
950 3568 995 3652 (fr
1011 3569 1064 3650 79)
1096 3567 1294 3655 Ἐραομονίδη
1319 3570 1413 3658 Χαρί-

272 3678 326 3740 λαε
347 3675 452 3763 χρῆμά
474 3700 519 3741 τοι
541 3681 656 3761 γελοῖον
688 3677 739 3756 ita
766 3676 936 3745 alluderet
958 3675 1078 3765 ple
1111 3676 1312 3765 Ἐρασμονίδη
1345 3678 1412 3744 Βά-

274 3781 366 3845 θιππε
394 3782 665 3868 cartapetam,
697 3805 771 3849 eum
796 3771 906 3850 lusum
928 3805 949 3850 a
971 3781 1142 3870 plerisque
1169 3781 1325 3870 intellegi
1345 3808 1412 3852 non

201 3893 203 3897 ’
271 3890 461 3976 ignorabat.
508 3891 622 3960 eodem
638 3891 745 3975 modo,
770 3893 892 3960 utalia
911 3891 1063 3979 exempla
1087 3895 1309 3979 praeteream,
1333 3877 1413 3960 Ariss

272 3997 381 4084 stoph.
407 3998 490 4065 Ach.
516 3999 579 4066 119
611 3999 804 4067 Archilochi
836 4001 869 4066 fr
882 4002 922 4066 91
965 4003 1083 4085 τοιήνδε
1121 4001 1180 4064 δ’(ἷι
1213 4003 1324 4088 πίθηκε
1360 4001 1412 4088 τὴν

271 4105 368 4190 πυγὴν
391 4103 471 4192 ἔχων
494 4105 555 4172 hoo
577 4129 680 4174 versu
702 4107 738 4173 in
759 4109 953 4175 memoriam
982 4107 1118 4175 vocavit
1147 4111 1262 4174 τοιόνδε
1275 4113 1338 4174 aa
1362 4110 1412 4174 πί-

271 4213 348 4297 θηκε
370 4210 419 4276 τὸν
443 4216 563 4298 πώγων’
587 4214 675 4302 ἔχων.
776 4239 860 4304 quae
884 4241 940 4284 res
963 4239 1030 4282 non
1052 4214 1138 4283 mira
1161 4219 1224 4300 est,
1249 4217 1411 4305 siquidem

270 4320 416 4388 Athenis
440 4343 461 4388 a
483 4321 596 4408 pueris
621 4321 770 4390 carmina
792 4322 863 4390 eius
888 4321 1140 4392 ediscebantur:
1176 4323 1227 4391 ita
1260 4323 1410 4391 videmus

269 4427 305 4492 in
326 4427 388 4493 Ar.
410 4427 497 4495 Pace
521 4428 606 4495 1298
630 4452 692 4518 sqq
716 4429 891 4520 Cleonymi
919 4429 1026 4524 filium
1040 4425 1220 4517 'elegiacos
1252 4432 1412 4520 quosdam

580 4527 584 4535 ι

270 4557 389 4603 versus
425 4537 472 4621 (fr
495 4537 593 4619 a-s)
627 4537 825 4607 memoriter
866 4537 1169 4632 pronuntiantem..
1219 4539 1331 4608 nescio
1367 4561 1411 4607 an
