3186 5106
706 367 777 478 ἰι

185 589 244 656 tur
268 586 453 676 scriptura)
477 609 494 654 e
519 585 660 654 metrica
683 585 816 655 ratione
839 585 1068 674 redarguitur.
1102 585 1215 652 tamen
1239 583 1335 654 Hoff-

185 720 325 766 mannus
349 698 519 766 concludit
542 699 578 765 in
602 701 715 786 βροτοῖς
739 720 855 766 veram
876 698 987 766 latore
1009 695 1212 780 memoriam,
1238 718 1336 785 quam

189 808 323 897 quidem
345 809 597 895 transponendo
621 806 762 876 restitui
785 808 850 876 sibi
872 807 1052 897 persuasit.

274 918 383 986 frma
421 918 582 985 memoria
624 918 838 1005 gravissimis
880 916 1127 1006 impedimentis
1159 918 1337 984 obstructa

186 1027 297 1115 est³³).
351 1050 428 1094 nam
461 1027 629 1094 Pindarus
654 1029 692 1095 Ο.
705 1029 757 1094 IX
781 1029 832 1095 ita
854 1028 973 1116 incipit
1006 1027 1039 1092 τὸ
1075 1026 1127 1112 μέν
1150 1021 1335 1113 Ἀρχιλόχου

189 1139 277 1224 μέλος
297 1139 302 1224 Ι
324 1143 442 1225 φωνᾶεν
459 1137 629 1222 Ὀλυμπίαι,
654 1137 830 1211 Καλλίνικος
855 1141 870 1202 δ
893 1139 1029 1224 τριπλόος
1052 1139 1221 1224 κεχλαδώς.
1256 1135 1334 1202 Pin.-

186 1248 289 1316 darus
312 1248 420 1335 igitur
432 1248 637 1315 Archilocho
661 1271 795 1316 carmon
816 1249 949 1332 tribuit,
980 1272 1044 1336 quo
1068 1246 1246 1335 Olympiae
1269 1245 1335 1312 vic-

185 1362 278 1425 tores
302 1358 577 1442 celebrabantur;
614 1357 707 1425 cuius
731 1358 931 1447 simplicitas
955 1357 1107 1446 quamvis
1131 1357 1334 1424 abhorreret

187 1490 207 1534 a
229 1467 353 1554 grandi
375 1467 516 1534 Pindari
539 1468 693 1550 carmina,
717 1470 831 1536 tamen

361 1576 469 1664 ἄρκεσε
492 1575 617 1665 Κρόνιον
641 1583 709 1663 παρ’
733 1569 826 1666 δ’χδον
850 1581 1049 1664 ἁγεμονεῦσαι

357 1686 525 1773 κωμάζοντι
550 1689 646 1774 φίλοις
670 1687 883 1775 Ἐφαρμόστωι
907 1689 958 1754 σὺν
981 1689 1117 1775 ἑταίροις.

186 1797 284 1884 quale
315 1797 378 1864 hoc
407 1820 542 1864 carmen
568 1797 683 1882 fuerit,
713 1798 749 1864 in
773 1799 906 1866 scholiis
937 1821 1059 1885 magna
1081 1798 1246 1866 dissensio
1271 1801 1334 1865 est.

186 1907 643 1993 agnoscimusEratcsthenis
655 1909 1117 1992 sententiamAristarcheae‚
1131 1931 1230 1997 quam
1242 1908 1334 1975 scho-

184 2016 289 2084 liasta
312 2017 475 2106 sequitur,
501 2018 700 2106 oppositam.
742 2018 939 2086 Aristarchi
961 2023 1080 2086 auctor
1104 2018 1333 2086 Eratosthene

185 2126 242 2215 qui
272 2126 304 2193 ei
330 2126 535 2194 adversatur
565 2127 737 2215 antiquior
770 2151 884 2197 vocem
914 2131 1050 2216 τριπλόος
1080 2128 1330 2215 interpretatus

185 2240 239 2303 est
261 2236 309 2321 (cf
328 2235 372 2302 ad
394 2261 424 2303 v.
438 2238 472 2318 3)
497 2237 671 2324 τρίστρορος
695 2239 745 2304 ὤν.
826 2239 1074 2307 Eratosthenes
1099 2238 1156 2323 (ad
1178 2237 1241 2304 ν.1
1267 2237 1332 2322 §th

184 2345 287 2413 aliter
310 2346 498 2415 iudicabat:
528 2346 568 2412 'E
588 2350 752 2434 ατοσδένης
784 2350 817 2413 δέ
850 2375 926 2435 φησι
963 2350 1003 2435 μὴ
1028 2349 1165 2414 ἐπινίκιον
1191 2345 1330 2412 εἶναιτὸ

186 2451 420 2544 Ἀρχιλόχου
446 2458 573 2541 μέλος,
610 2452 674 2522 ἀλλ’
700 2458 789 2543 ὕμνον
814 2460 855 2531 εἰς
874 2453 1043 2544 <Ηρακλέα,
1069 2459 1264 2543 τριπλόον
1299 2455 1331 2519 δὲ

183 2565 216 2628 οὐ
241 2564 345 2630 διὰτὸ
369 2568 403 2629 ἐκ
424 2580 511 2652 τριῶν
535 2574 673 2653 στροφῶν
698 2569 888 2652 συγκεῖσθαι,
921 2567 998 2632 ἀλλὰ
1022 2566 1127 2631 διὰτὸ
1150 2565 1209 2652 τρίς
1233 2567 1329 2650 ἐφυμ·

185 2675 342 2746 νιάζεσίλαι
371 2674 403 2740 sd
437 2675 668 2741 Καλλίνικε.
715 2677 781 2762 περὶ
814 2676 847 2740 δέ
877 2683 928 2742 τοῦ
952 2675 1088 2762 Τήνελλα
1111 2675 1331 2762 Ἐρατοσθένης

185 2783 275 2867 φησίν
310 2785 355 2848 ὅτι
386 2785 436 2847 ὅτε
466 2785 679 2870 ὁαύλητὴςῆ
713 2784 926 2871 ὁκιίλαριστὴς
959 2784 999 2870 μὴ
1024 2791 1131 2871 παρῆν,
1165 2782 1328 2869 ὁέίαρχος

183 2891 254 2956 αὐτὸ
272 2894 447 2980 μεταλαβὼν
464 2893 564 2977 ἔλεγεν
588 2893 644 2966 ἔξω
668 2899 720 2959 τοῦ
745 2896 861 2979 μέλους,
886 2898 901 2958 ὁ
927 2895 959 2959 δέ
981 2902 1040 2959 τῶν
1056 2900 1222 2978 κωμαστῶν
1238 2890 1329 2978 χορὸς

182 3001 313 3088 ὑπέβαλε
345 3001 378 3066 τὸ
410 3004 557 3068 καλλίνικε
580 3002 629 3066 καί
661 3003 739 3068 οὕτω
773 3007 977 3090 συνειρόμενον
1001 3005 1105 3088 χέχονε
1135 3001 1168 3066 τὸ
1200 3004 1328 3086 τήνελλα

181 3110 338 3176 καλλίνικε.
385 3133 427 3178 ex
455 3112 517 3178 hoc
547 3112 619 3178 loco
653 3112 755 3180 etiam
787 3114 867 3201 quid
892 3113 1094 3180 Aristarcho
1129 3133 1327 3199 persuasum

183 3219 288 3287 fuerit
312 3221 438 3288 certius
462 3220 692 3308 intellegitur:
729 3223 894 3310 epinicion
918 3247 991 3291 esse
1013 3222 1151 3311 putavit
1175 3245 1192 3288 e
1215 3221 1326 3288 tribus

185 3329 335 3418 strophis
360 3331 587 3418 compositum.
633 3331 749 3400 eadem
772 3333 942 3400 sententia
965 3333 1031 3400 alio
1055 3333 1128 3399 loco
1152 3333 1257 3413 extat,
1283 3329 1327 3394 ad

181 3439 332 3524 v.l§6:
365 3439 398 3503 τδ
432 3438 483 3525 μὲν
518 3438 690 3528 Ἀρχιλόχου
717 3443 812 3527 μέλος,
845 3445 860 3506 ὃ
891 3446 951 3516 τοῖς
974 3450 1077 3506 νικῶσι
1106 3441 1143 3505 τὰ
1171 3437 1326 3525 Ὀλύμπια

181 3547 330 3632 ἐπέρδετο,
363 3548 399 3633 ἦν
422 3549 614 3635 τρίστροιρον,
648 3556 754 3623 κοινῶς
778 3551 939 3636 δυνάμενον
964 3552 1103 3636 ἁρμόζειν
1137 3552 1184 3617 ἐπὶ
1219 3552 1326 3626 παντὸς

180 3655 346 3741 νικηφόρου
379 3653 429 3720 διὰ
462 3655 495 3719 τὸ
517 3655 569 3720 καί
591 3664 643 3743 τῆς
668 3658 805 3743 πράξεως
829 3659 920 3745 αὐτῆς
944 3658 1028 3748 ψιλόν
1055 3659 1135 3746 ἔχειν
1166 3661 1325 3747 τὸνλόγον

181 3766 256 3848 μήτε
290 3763 323 3828 δέ
356 3764 449 3850 ὄνομα
480 3768 554 3851 μήτε
582 3767 697 3852 ἰδίωμα
727 3768 945 3854 ἀγωνίσματος.
991 3771 1139 3856 ἐφυμνίωι
1172 3771 1204 3836 δὲ
1236 3797 1327 3838 κατε-

179 3878 296 3960 χρῶντο
328 3875 451 3940 τούτων·
482 3877 609 3960 τήνελλα
642 3878 800 3943 καλλίνικε.
858 3901 942 3966 quae
977 3879 1050 3947 sinc
1084 3881 1183 3949 dubio
1215 3881 1324 3948 omnia

179 3981 405 4050 Aristarchea
427 3983 567 4070 sunt³⁴).

253 4161 298 4226 33)
319 4174 352 4212 ne
372 4159 468 4226 longus
483 4160 542 4229 sim,
560 4177 606 4216 cos
625 4163 671 4232 qui
686 4171 750 4217 ante
764 4179 805 4217 me
822 4164 855 4216 de
869 4164 967 4233 hymno
981 4169 1094 4232 egerunt
1106 4165 1220 4234 Sybelus
1230 4165 1323 4222 Herm.

180 4250 202 4302 V
218 4253 282 4318 192,
304 4251 435 4306 Lchrsius
450 4252 482 4305 de
496 4253 581 4308 schol.
597 4255 674 4309 Pind.
686 4257 709 4310 5.
723 4272 767 4324 sq,
788 4255 887 4324 Bergk.
902 4258 928 4310 in
943 4257 999 4324 ed,
1020 4258 1097 4312 Horu
1117 4258 1150 4312 de
1167 4260 1322 4314 Aristarchi

175 4343 247 4398 stud.
266 4344 343 4400 Pind.
356 4343 458 4416 Gryph.
472 4349 579 4416 sapas
599 4349 627 4401 in
647 4350 714 4403 meis
735 4350 914 4419 explicandis,
934 4351 988 4406 nisi
1006 4351 1052 4405 ubi
1079 4353 1262 4407 necessarium
1282 4361 1324 4408 est

174 4451 228 4490 nou
248 4453 321 4492 curo.

250 4507 348 4598 attin
376 4547 445 4600 quae
464 4532 578 4602 Sybelus
599 4534 692 4591 Herm.
706 4537 727 4589 V
742 4537 832 4606 193sq
858 4538 975 4607 protulit
1000 4539 1035 4594 ad
1061 4538 1143 4593 verba
1163 4547 1255 4600 κοινῶς
1284 4541 1324 4595 δυ-

176 4626 283 4695 νάμενον
302 4629 356 4680 κτλ.
377 4626 540 4682 Aristarcho
560 4628 742 4686 abiudicauda
769 4632 888 4688 Horuius
908 4635 970 4702 p39
982 4649 1008 4688 u.
1020 4636 1053 4690 63
1073 4634 1133 4690 iure
1149 4634 1312 4692 adversatur
