3186 5106
738 383 780 452 25

187 565 248 637 τοῖς
277 563 460 652 Ἀρχιλόχου
484 560 690 650 ὑπομνήμασιν
714 561 827 649 εἴρηται
837 564 881 646 ¹¹)·
915 563 1066 650 ἀχνυμένη
1102 558 1242 644 σκυτάλη.
1281 553 1328 622 di·

190 675 282 741 serte
304 696 385 762 pars
411 674 503 740 illius
527 673 758 740 commentarii
779 655 972 740 nominatur
995 672 1031 738 in
1045 671 1101 738 Et.
1117 669 1200 738 Gen.
1225 667 1331 752 (Flor.

189 783 298 849 3179
323 814 362 840 =
387 782 473 849 eud.
491 785 555 850 305
580 814 619 839 =
645 783 755 850 Crem.
779 783 1025 864 anPlViiii),
1064 781 1122 847 ubi
1144 779 1235 846 vocis
1273 802 1330 841 κα-

190 892 406 978 τατροῖξαοὶλαι
440 892 658 980 explicationi
690 891 861 958 adduntur
893 893 999 959 verbo
1040 891 1133 962 οὕτως
1176 888 1260 974 εὖρον
1299 887 1330 949 ἐν

191 1002 380 1087 ὑπομνήματι
414 1004 549 1067 tumidum
585 1001 767 1088 Ἀρχιλόχου
800 1002 835 1068 ef
866 1000 963 1067 Orus.
987 1000 1133 1088 p49640.
1191 997 1227 1063 in
1261 994 1330 1061 alia

190 1112 421 1178 commentarii
445 1115 545 1199 parte
576 1111 616 1178 de
646 1107 814 1198 τυραννίδος
844 1107 936 1177 vocis
977 1103 1011 1177 ir
1027 1104 1082 1180 253
1116 1101 1246 1194 origine
1277 1129 1331 1172 ex·

190 1221 341 1308 planatio
366 1220 466 1304 fuito
488 1221 523 1286 id
546 1220 634 1309 quod
657 1220 841 1288 Etlllfiud.
865 1223 1057 1304 testantur3
1086 1219 1148 1285 hoc
1172 1218 1332 1301 ὑπόμνημα

191 1330 262 1396 sine
285 1330 385 1396 dubio
412 1331 573 1416 τριμέτρων
597 1333 681 1397 erat.
729 1334 987 1396 consentaneum
1017 1329 1125 1417 igitur
1159 1331 1212 1396 est
1246 1348 1331 1393 com·

192 1439 392 1506 mentarium
415 1440 522 1507 totius
547 1440 755 1506 collectionis
786 1440 965 1508 seeundum
994 1438 1176 1510 carminum
1207 1457 1334 1523 genera
1377 1461 1379 1465 ’

193 1548 337 1616 divisum
356 1549 470 1616 fuisse.
517 1571 715 1637 quamquam
733 1550 883 1637 partium
906 1550 976 1616 eius
1000 1572 1157 1615 numerus
1180 1547 1330 1613 incertus

192 1663 259 1742 est5
284 1681 391 1746 neque
408 1658 494 1724 enim
511 1659 550 1725 de
567 1659 825 1746 elegiaeoruml)
846 1683 951 1748 neque
969 1660 1009 1725 de
1026 1655 1207 1725 carminum
1223 1657 1330 1722 ineer-

192 1768 339 1850 torum)
374 1769 621 1835 commentariis
661 1773 796 1836 constat
830 1768 1034 1836 testimoniis
1068 1791 1136 1834 non
1173 1764 1330 1834 servatis.

192 1878 378 1964 complures
402 1881 515 1944 autem
538 1880 579 1944 ab
604 1878 806 1945 Aristarcho
831 1878 975 1965 scriptos
1001 1900 1074 1944 esse
1097 1900 1170 1943 cum
1194 1901 1231 1943 eo
1256 1897 1330 1940 eon·

192 1987 298 2053 sentit
322 1987 409 2074 quod
433 1987 566 2054 aliunde
590 1986 631 2054 de
655 1987 724 2054 eius
750 1987 996 2054 commentariis
1027 1987 1157 2053 scimus.
1204 1983 1333 2052 scilieet

192 2097 267 2183 plus
292 2096 503 2182 octingentos
528 2096 661 2163 libellos
687 2097 906 2182 ὑπομνημάτων
931 2099 1028 2182 μόνον
1051 2095 1203 2162 confecit.
1250 2094 1332 2159 haec

191 2205 297 2290 igitur
320 2205 390 2272 tria
413 2207 468 2272 vel
491 2205 635 2294 quinque
658 2205 882 2274 Archilochea
906 2207 1021 2274 eodem
1043 2205 1139 2272 modo
1170 2203 1332 2270 instituta

192 2339 265 2382 esse
299 2315 459 2381 videntur
495 2338 560 2403 quo
599 2315 826 2403 quadraginta
865 2319 940 2383 octo
978 2315 1039 2382 illa
1076 2313 1257 2381 Homerica
1291 2311 1331 2378 de

192 2426 310 2511 quibus
357 2425 391 2490 cf
413 2423 514 2490 Cohn.
539 2447 591 2512 ap.
616 2425 953 2493 Paul.-W.118ii3.
1008 2427 1049 2491 ab
1082 2424 1194 2492 altera
1232 2425 1332 2510 perte

191 2539 329 2621 praeter
353 2557 408 2600 eos
432 2556 514 2621 quos
539 2534 610 2622 ipse
635 2535 789 2603 ediderat
824 2535 925 2602 etiam
958 2535 1041 2602 alios
1072 2534 1256 2621 scriptores
1290 2532 1331 2597 ab

193 2666 230 2709 eo
266 2644 513 2710 commentariis
548 2645 734 2712 instructos
770 2668 843 2712 esse
885 2667 1005 2730 magno
1046 2666 1160 2710 eorum
1194 2664 1331 2707 numero

192 2754 445 2840 comprobatur,
484 2753 535 2820 ita
566 2758 605 2822 ut
635 2753 675 2821 de
707 2755 854 2823 editione
877 2753 1073 2821 Archilochi
1101 2752 1230 2818 nullum
1255 2749 1332 2816 inde

189 2863 263 2951 peti
285 2861 387 2929 liceat
410 2866 654 2947 argumentum.
1028 2857 1030 2861 ’

279 2971 381 3039 Cuius
405 2970 563 3038 editionis
587 2971 735 3058 vestigia
751 2995 824 3039 cum
839 2971 1018 3058 agnovisse
1033 2971 1129 3038 nohis
1146 2969 1330 3052 videamur,

190 3083 291 3149 etiam
314 3081 400 3147 alios
424 3085 541 3169 poetas
555 3081 578 3164 ⁸)
602 3081 724 3150 cursim
746 3081 981 3171 perquiramus
1004 3103 1140 3151 neeesse
1156 3083 1218 3164 est,
1244 3077 1330 3146 unde
1424 3096 1426 3098 ’

262 3306 289 3366 4)
309 3303 344 3362 ὡς
364 3335 398 3344 -
417 3306 513 3377 εἴρηται
532 3305 610 3360 Vrat.
631 3308 670 3361 A:
698 3307 734 3366 ὡς
752 3307 795 3360 καὶ
814 3305 959 3380 Ἀρχίλοχος
978 3314 1029 3360 cet.

262 3417 289 3482 5)
310 3419 431 3488 τυράννου
458 3429 549 3470 vocem
571 3419 728 3472 Archilochi
754 3426 846 3472 aetate
872 3420 899 3470 in
931 3436 1008 3472 usum
1036 3419 1141 3472 venisse
1161 3417 1328 3491 Hermippus

190 3510 316 3578 sophista
335 3512 449 3578 (argum.
462 3511 544 3578 Soph.
559 3511 618 3579 ΟΒ)
638 3512 753 3578 viderat,
772 3511 892 3566 fortasse
912 3512 964 3566 hoc
983 3512 1142 3565 Archilochi
1163 3528 1242 3566 versu
1257 3527 1329 3565 usns.

261 3624 289 3689 6)
309 3621 336 3674 cf
354 3638 376 3676 e.
388 3639 413 3689 g.
432 3623 624 3678 Wilamowitz.
644 3623 733 3678 (ioett.
754 3624 805 3690 gel.
826 3626 889 3678 Ana.
913 3626 989 3692 1897,
1010 3626 1069 3678 320.

264 3734 291 3799 7)
311 3749 472 3802 quamquam
493 3735 525 3790 de
541 3735 632 3806 hymni
652 3735 725 3788 illius
745 3734 783 3804 (ir
796 3737 856 3800 119)
876 3742 1018 3790 structura
1029 3734 1166 3787 sententia
1177 3733 1331 3786 Aristarchi

190 3826 217 3878 in
238 3828 322 3882 schol.
344 3828 420 3881 Piml.
440 3827 462 3881 0
482 3830 518 3881 lX
545 3829 661 3882 affertur
681 3828 860 3882 Eratostheni
880 3830 1009 3896 opposita
1029 3829 1061 3881 de
1081 3843 1135 3895 qua
1155 3835 1251 3894 postea
1270 3841 1332 3894 age·

190 3936 257 3974 mus.

263 4033 291 4101 8)
310 4033 343 4086 de
364 4034 496 4088 librorum
516 4034 696 4102 dispositione
716 4041 743 4087 et
762 4034 850 4088 titulis
871 4035 916 4101 qui
936 4035 991 4101 egit
1011 4033 1213 4086 Heinemannus
1239 4031 1331 4085 studia

190 4124 308 4180 Solones
329 4127 418 4180 Berol.
432 4130 499 4183 1897
515 4145 531 4194 p
545 4131 578 4181 29
589 4145 638 4196 sqq
658 4128 826 4196 quaestionis
846 4127 1049 4180 fundamentum
1070 4127 1242 4194 perturbavit
1253 4126 1330 4178 testi-

191 4220 289 4273 moniis
308 4229 336 4274 et
356 4223 470 4274 vetustis
491 4231 517 4274 et
538 4223 733 4276 recentissimis
748 4222 806 4276 sine
821 4221 977 4274 discrimine
995 4222 1130 4288 congestis
1141 4235 1210 4287 qnae
1223 4219 1329 4286 quidem

189 4313 280 4366 omnia
300 4323 396 4381 poetas
417 4317 492 4382 ipsos
512 4324 639 4381 spectare
659 4325 744 4382 putet.
783 4315 918 4384 quiquae
938 4315 971 4368 de
990 4315 1097 4369 Solonis
1121 4314 1200 4366 libris
1214 4315 1330 4382 protulit

189 4415 288 4474 postes
306 4409 385 4462 uobis
414 4410 580 4463 recensenda
609 4419 697 4462 erunt.
743 4410 846 4477 optime
877 4425 943 4462 sane
963 4408 1095 4462 Dielsium
1120 4415 1229 4462 secutus
1258 4409 1329 4474 p34

188 4509 278 4554 monet
298 4501 417 4556 fortasse
444 4505 525 4556 etiam
555 4502 690 4570 elegiacos
714 4511 811 4570 poetas
839 4519 854 4556 a
881 4503 939 4556 deis
969 4502 1075 4555 initium
1103 4501 1215 4556 fecisse:
1245 4508 1274 4554 at
1302 4501 1329 4552 in

187 4595 383 4652 Alexandrinis
404 4597 570 4654 editionibus
596 4598 753 4667 (perperam
781 4597 853 4654 cuim
872 4597 919 4652 ille
938 4598 1002 4668 pti
1022 4613 1053 4668 sq
1073 4596 1217 4654 Solensem
1237 4611 1328 4656 necet·
