<?xml version="1.0" encoding="UTF-8"?>
<!DOCTYPE html PUBLIC "-//W3C//DTD XHTML 1.0 Transitional//EN"
    "http://www.w3.org/TR/xhtml1/DTD/xhtml1-transitional.dtd">
<html xmlns="http://www.w3.org/1999/xhtml" xml:lang="en" lang="en">
 <head>
  <title>
</title>
<meta http-equiv="Content-Type" content="text/html;charset=utf-8" />
  <meta name='ocr-system' content='tesseract 3.04.00' />
  <meta name='ocr-capabilities' content='ocr_page ocr_carea ocr_par ocr_line ocrx_word'/>
</head>
<body>
  <div class='ocr_page' id='page_1' title='image "./quaestionesarch00bahngoog_0070.png"; bbox 0 0 3186 5106; ppageno 0'>
   <div class='ocr_carea' id='block_1_1' title="bbox 762 267 803 410">
    <p class='ocr_par' dir='ltr' id='par_1_1' title="bbox 762 267 803 410">
     <span class='ocr_line' id='line_1_1' title="bbox 762 267 803 410; baseline 0 -19"><span class='ocrx_word' id='word_1_1' title='bbox 762 267 803 410; x_wconf 68' lang='lat' dir='ltr'><strong>{a</strong></span> 
     </span>
    </p>
   </div>
   <div class='ocr_carea' id='block_1_2' title="bbox 208 499 1453 4344">
    <p class='ocr_par' dir='ltr' id='par_1_2' title="bbox 208 499 1358 1574">
     <span class='ocr_line' id='line_1_2' title="bbox 209 499 1358 588; baseline 0.003 -24"><span class='ocrx_word' id='word_1_2' title='bbox 209 501 298 587; x_wconf 90' lang='grc' dir='ltr'>μένην</span> <span class='ocrx_word' id='word_1_3' title='bbox 313 500 362 566; x_wconf 82' lang='grc' dir='ltr'>καί</span> <span class='ocrx_word' id='word_1_4' title='bbox 378 501 590 588; x_wconf 86' lang='grc' dir='ltr'>ἀμηχανίηισιν</span> <span class='ocrx_word' id='word_1_5' title='bbox 615 500 650 566; x_wconf 84' lang='lat' dir='ltr'><strong>of</strong></span> <span class='ocrx_word' id='word_1_6' title='bbox 660 500 750 566; x_wconf 88' lang='lat' dir='ltr'><strong>Plat.</strong></span> <span class='ocrx_word' id='word_1_7' title='bbox 760 499 885 567; x_wconf 87' lang='lat' dir='ltr'><strong>Phaed.</strong></span> <span class='ocrx_word' id='word_1_8' title='bbox 895 501 961 567; x_wconf 83' lang='grc'><strong>666</strong></span> <span class='ocrx_word' id='word_1_9' title='bbox 970 524 977 584; x_wconf 87' lang='lat'>;</span> <span class='ocrx_word' id='word_1_10' title='bbox 1003 501 1176 568; x_wconf 88' lang='lat' dir='ltr'><strong>translate</strong></span> <span class='ocrx_word' id='word_1_11' title='bbox 1190 500 1358 569; x_wconf 81' lang='lat' dir='ltr'><strong>Homerus</strong></span> 
     </span>
     <span class='ocr_line' id='line_1_3' title="bbox 208 609 1358 698; baseline -0.003 -18"><span class='ocrx_word' id='word_1_12' title='bbox 208 613 312 680; x_wconf 86' lang='lat' dir='ltr'><strong>verbo</strong></span> <span class='ocrx_word' id='word_1_13' title='bbox 337 635 404 677; x_wconf 90' lang='lat' dir='ltr'><strong>non</strong></span> <span class='ocrx_word' id='word_1_14' title='bbox 427 611 548 679; x_wconf 90' lang='lat' dir='ltr'><strong>utitur.</strong></span> <span class='ocrx_word' id='word_1_15' title='bbox 615 610 842 677; x_wconf 90' lang='lat' dir='ltr'><strong>Philoctetem</strong></span> <span class='ocrx_word' id='word_1_16' title='bbox 867 610 1037 698; x_wconf 87' lang='lat' dir='ltr'><strong>serpentis</strong></span> <span class='ocrx_word' id='word_1_17' title='bbox 1055 609 1125 677; x_wconf 91' lang='lat' dir='ltr'><strong>ictu</strong></span> <span class='ocrx_word' id='word_1_18' title='bbox 1140 611 1358 679; x_wconf 84' lang='lat' dir='ltr'><strong>vulneratum</strong></span> 
     </span>
     <span class='ocr_line' id='line_1_4' title="bbox 208 720 1354 807; baseline -0.001 -21"><span class='ocrx_word' id='word_1_19' title='bbox 208 721 375 788; x_wconf 81' lang='lat' dir='ltr'><strong>Homerus</strong></span> <span class='ocrx_word' id='word_1_20' title='bbox 398 720 499 786; x_wconf 77' lang='grc'>3723</span> <span class='ocrx_word' id='word_1_21' title='bbox 524 720 606 788; x_wconf 84' lang='lat' dir='ltr'><strong>dicit</strong></span> <span class='ocrx_word' id='word_1_22' title='bbox 632 721 710 783; x_wconf 78' lang='grc' dir='ltr'>ἕλκεϊ</span> <span class='ocrx_word' id='word_1_23' title='bbox 735 721 918 807; x_wconf 70' lang='grc' dir='ltr'>μοχθίζοντα</span> <span class='ocrx_word' id='word_1_24' title='bbox 944 726 1041 784; x_wconf 80' lang='grc' dir='ltr'>κακῶν</span> <span class='ocrx_word' id='word_1_25' title='bbox 1058 723 1238 807; x_wconf 80' lang='grc' dir='ltr'>ὀλοόφρονος</span> <span class='ocrx_word' id='word_1_26' title='bbox 1255 722 1354 807; x_wconf 75' lang='grc' dir='ltr'>ὕδρου,</span> 
     </span>
     <span class='ocr_line' id='line_1_5' title="bbox 209 827 1357 916; baseline 0.001 -20"><span class='ocrx_word' id='word_1_27' title='bbox 209 830 317 898; x_wconf 83' lang='lat' dir='ltr'><strong>levius</strong></span> <span class='ocrx_word' id='word_1_28' title='bbox 333 830 555 898; x_wconf 79' lang='lat' dir='ltr'>Archilochus</span> <span class='ocrx_word' id='word_1_29' title='bbox 573 831 634 895; x_wconf 85' lang='grc'><strong>137</strong></span> <span class='ocrx_word' id='word_1_30' title='bbox 651 827 770 916; x_wconf 81' lang='grc' dir='ltr'>φθειρσί</span> <span class='ocrx_word' id='word_1_31' title='bbox 789 830 981 916; x_wconf 72' lang='grc' dir='ltr'>μοχθίζοντα.</span> <span class='ocrx_word' id='word_1_32' title='bbox 1026 830 1138 898; x_wconf 85' lang='lat' dir='ltr'><strong>luctus</strong></span> <span class='ocrx_word' id='word_1_33' title='bbox 1154 854 1273 897; x_wconf 87' lang='lat' dir='ltr'><strong>nomen</strong></span> <span class='ocrx_word' id='word_1_34' title='bbox 1290 831 1357 897; x_wconf 78' lang='grc' dir='ltr'>πέν·</span> 
     </span>
     <span class='ocr_line' id='line_1_6' title="bbox 212 925 1354 1023; baseline 0.007 -20"><span class='ocrx_word' id='word_1_35' title='bbox 212 941 264 1012; x_wconf 82' lang='grc' dir='ltr'><strong>θος</strong></span> <span class='ocrx_word' id='word_1_36' title='bbox 280 940 357 1007; x_wconf 89' lang='lat' dir='ltr'><strong>inde</strong></span> <span class='ocrx_word' id='word_1_37' title='bbox 374 942 415 1006; x_wconf 87' lang='lat' dir='ltr'><strong>ab</strong></span> <span class='ocrx_word' id='word_1_38' title='bbox 432 941 579 1016; x_wconf 84' lang='lat' dir='ltr'>Homero</span> <span class='ocrx_word' id='word_1_39' title='bbox 596 944 713 1006; x_wconf 88' lang='lat' dir='ltr'><strong>notum</strong></span> <span class='ocrx_word' id='word_1_40' title='bbox 729 947 812 1023; x_wconf 81' lang='lat' dir='ltr'><strong>erat,</strong></span> <span class='ocrx_word' id='word_1_41' title='bbox 838 939 1060 1006; x_wconf 83' lang='lat' dir='ltr'><strong>Archilochus</strong></span> <span class='ocrx_word' id='word_1_42' title='bbox 1078 947 1175 1008; x_wconf 90' lang='lat' dir='ltr'><strong>acute</strong></span> <span class='ocrx_word' id='word_1_43' title='bbox 1199 925 1282 1007; x_wconf 89' lang='lat' dir='ltr'><strong>dicit</strong></span> <span class='ocrx_word' id='word_1_44' title='bbox 1305 941 1354 1011; x_wconf 80' lang='lat'><strong>910</strong></span> 
     </span>
     <span class='ocr_line' id='line_1_7' title="bbox 210 1048 1353 1137; baseline 0.003 -24"><span class='ocrx_word' id='word_1_45' title='bbox 210 1053 375 1137; x_wconf 86' lang='grc' dir='ltr'>γυναικεῖον</span> <span class='ocrx_word' id='word_1_46' title='bbox 407 1051 532 1122; x_wconf 73' lang='grc' dir='ltr'>πένθοςε</span> <span class='ocrx_word' id='word_1_47' title='bbox 564 1072 678 1116; x_wconf 89' lang='lat' dir='ltr'><strong>vocem</strong></span> <span class='ocrx_word' id='word_1_48' title='bbox 706 1051 872 1133; x_wconf 73' lang='grc' dir='ltr'>γυναικεῖος</span> <span class='ocrx_word' id='word_1_49' title='bbox 906 1048 1026 1115; x_wconf 84' lang='lat' dir='ltr'><strong>addam</strong></span> <span class='ocrx_word' id='word_1_50' title='bbox 1057 1049 1147 1137; x_wconf 89' lang='lat' dir='ltr'><strong>apud</strong></span> <span class='ocrx_word' id='word_1_51' title='bbox 1169 1050 1353 1117; x_wconf 84' lang='lat' dir='ltr'>Homerum</span> 
     </span>
     <span class='ocr_line' id='line_1_8' title="bbox 210 1157 1356 1248; baseline 0.002 -24"><span class='ocrx_word' id='word_1_52' title='bbox 210 1159 279 1246; x_wconf 84' lang='lat' dir='ltr'><strong>legi</strong></span> <span class='ocrx_word' id='word_1_53' title='bbox 301 1182 366 1226; x_wconf 93' lang='lat' dir='ltr'><strong>uno</strong></span> <span class='ocrx_word' id='word_1_54' title='bbox 388 1158 463 1225; x_wconf 93' lang='lat' dir='ltr'><strong>looo</strong></span> <span class='ocrx_word' id='word_1_55' title='bbox 488 1158 719 1226; x_wconf 91' lang='lat' dir='ltr'><strong>recentissimo</strong></span> <span class='ocrx_word' id='word_1_56' title='bbox 740 1159 831 1225; x_wconf 76' lang='lat' dir='ltr'><strong>i437</strong></span> <span class='ocrx_word' id='word_1_57' title='bbox 854 1159 1024 1245; x_wconf 80' lang='grc' dir='ltr'>γυναικείας</span> <span class='ocrx_word' id='word_1_58' title='bbox 1047 1157 1095 1225; x_wconf 82' lang='grc' dir='ltr'>διαί</span> <span class='ocrx_word' id='word_1_59' title='bbox 1120 1160 1238 1246; x_wconf 79' lang='grc' dir='ltr'>βουλάς,</span> <span class='ocrx_word' id='word_1_60' title='bbox 1267 1159 1356 1248; x_wconf 91' lang='lat' dir='ltr'><strong>apud</strong></span> 
     </span>
     <span class='ocr_line' id='line_1_9' title="bbox 210 1263 1350 1356; baseline -0.001 -21"><span class='ocrx_word' id='word_1_61' title='bbox 210 1269 349 1343; x_wconf 87' lang='lat' dir='ltr'><strong>Hesiod.</strong></span> <span class='ocrx_word' id='word_1_62' title='bbox 381 1269 420 1348; x_wconf 90' lang='grc' dir='ltr'><strong>Ο.Ι</strong></span> <span class='ocrx_word' id='word_1_63' title='bbox 435 1270 498 1334; x_wconf 82' lang='lat'><strong>753</strong></span> <span class='ocrx_word' id='word_1_64' title='bbox 534 1268 611 1354; x_wconf 80' lang='grc' dir='ltr'>μηδὲ</span> <span class='ocrx_word' id='word_1_65' title='bbox 646 1269 816 1352; x_wconf 79' lang='grc' dir='ltr'>γυναικείων</span> <span class='ocrx_word' id='word_1_66' title='bbox 854 1273 981 1355; x_wconf 80' lang='grc' dir='ltr'>λουτρῶι</span> <span class='ocrx_word' id='word_1_67' title='bbox 1016 1271 1095 1355; x_wconf 81' lang='grc' dir='ltr'>χρία</span> <span class='ocrx_word' id='word_1_68' title='bbox 1133 1263 1350 1356; x_wconf 69' lang='grc' dir='ltr'>φαιδρύνεσθαι</span> 
     </span>
     <span class='ocr_line' id='line_1_10' title="bbox 211 1371 1356 1466; baseline 0.003 -23"><span class='ocrx_word' id='word_1_69' title='bbox 211 1379 311 1464; x_wconf 83' lang='grc' dir='ltr'>ᾀνέρα.</span> <span class='ocrx_word' id='word_1_70' title='bbox 359 1379 499 1446; x_wconf 74' lang='grc' dir='ltr'>κοτίνοιο</span> <span class='ocrx_word' id='word_1_71' title='bbox 530 1371 692 1466; x_wconf 72' lang='grc' dir='ltr'>ὀδύρεσθαι</span> <span class='ocrx_word' id='word_1_72' title='bbox 716 1378 844 1466; x_wconf 88' lang='lat' dir='ltr'><strong>epicum</strong></span> <span class='ocrx_word' id='word_1_73' title='bbox 866 1378 1089 1445; x_wconf 81' lang='lat' dir='ltr'><strong>Archilochus</strong></span> <span class='ocrx_word' id='word_1_74' title='bbox 1113 1380 1170 1448; x_wconf 73' lang='lat'><strong>664</strong></span> <span class='ocrx_word' id='word_1_75' title='bbox 1202 1378 1356 1446; x_wconf 72' lang='lat' dir='ltr'><strong>adhibuit</strong></span> 
     </span>
     <span class='ocr_line' id='line_1_11' title="bbox 211 1480 1273 1574; baseline -0.003 -20"><span class='ocrx_word' id='word_1_76' title='bbox 211 1487 254 1554; x_wconf 89' lang='lat' dir='ltr'><strong>ad</strong></span> <span class='ocrx_word' id='word_1_77' title='bbox 276 1487 515 1574; x_wconf 88' lang='lat' dir='ltr'><strong>gravissimum</strong></span> <span class='ocrx_word' id='word_1_78' title='bbox 538 1487 667 1554; x_wconf 89' lang='lat' dir='ltr'><strong>luctum</strong></span> <span class='ocrx_word' id='word_1_79' title='bbox 689 1487 934 1574; x_wconf 89' lang='lat' dir='ltr'><strong>depingendum</strong></span> <span class='ocrx_word' id='word_1_80' title='bbox 957 1488 1134 1552; x_wconf 84' lang='grc' dir='ltr'>καταπεσὼν</span> <span class='ocrx_word' id='word_1_81' title='bbox 1158 1480 1273 1574; x_wconf 70' lang='grc' dir='ltr'>ὀδύρεο.</span> 
     </span>
    </p>

    <p class='ocr_par' dir='ltr' id='par_1_3' title="bbox 210 1594 1453 2326">
     <span class='ocr_line' id='line_1_12' title="bbox 298 1594 1453 1684; baseline 0.003 -22"><span class='ocrx_word' id='word_1_82' title='bbox 298 1596 339 1662; x_wconf 92' lang='lat' dir='ltr'><strong>In</strong></span> <span class='ocrx_word' id='word_1_83' title='bbox 369 1595 432 1663; x_wconf 92' lang='lat' dir='ltr'><strong>hac</strong></span> <span class='ocrx_word' id='word_1_84' title='bbox 462 1602 562 1683; x_wconf 88' lang='lat' dir='ltr'><strong>parte</strong></span> <span class='ocrx_word' id='word_1_85' title='bbox 601 1617 656 1663; x_wconf 87' lang='lat' dir='ltr'><strong>eas</strong></span> <span class='ocrx_word' id='word_1_86' title='bbox 689 1619 744 1662; x_wconf 92' lang='lat' dir='ltr'><strong>res</strong></span> <span class='ocrx_word' id='word_1_87' title='bbox 775 1595 938 1683; x_wconf 85' lang='lat' dir='ltr'><strong>imprimis</strong></span> <span class='ocrx_word' id='word_1_88' title='bbox 966 1594 1250 1683; x_wconf 78' lang='lat' dir='ltr'><strong>perlustravimus</strong></span> <span class='ocrx_word' id='word_1_89' title='bbox 1275 1618 1360 1684; x_wconf 88' lang='lat' dir='ltr'><strong>quae</strong></span> <span class='ocrx_word' id='word_1_90' title='bbox 1450 1661 1453 1666; x_wconf 87' lang='lat'><em>.</em></span> 
     </span>
     <span class='ocr_line' id='line_1_13' title="bbox 213 1705 1361 1793; baseline 0 -22"><span class='ocrx_word' id='word_1_91' title='bbox 213 1705 353 1772; x_wconf 89' lang='lat' dir='ltr'><strong>Homeri</strong></span> <span class='ocrx_word' id='word_1_92' title='bbox 375 1705 638 1793; x_wconf 90' lang='lat' dir='ltr'><strong>Archilochique</strong></span> <span class='ocrx_word' id='word_1_93' title='bbox 668 1707 875 1793; x_wconf 74' lang='lat' dir='ltr'><strong>temporibus</strong></span> <span class='ocrx_word' id='word_1_94' title='bbox 899 1709 938 1772; x_wconf 92' lang='lat' dir='ltr'><strong>ut</strong></span> <span class='ocrx_word' id='word_1_95' title='bbox 962 1705 1077 1773; x_wconf 88' lang='lat' dir='ltr'><strong>eadem</strong></span> <span class='ocrx_word' id='word_1_96' title='bbox 1100 1709 1199 1772; x_wconf 89' lang='lat' dir='ltr'><strong>erant</strong></span> <span class='ocrx_word' id='word_1_97' title='bbox 1223 1705 1361 1772; x_wconf 87' lang='lat' dir='ltr'><strong>celebri-</strong></span> 
     </span>
     <span class='ocr_line' id='line_1_14' title="bbox 210 1815 1359 1890; baseline 0 -10"><span class='ocrx_word' id='word_1_98' title='bbox 210 1818 285 1890; x_wconf 83' lang='lat' dir='ltr'><strong>tate</strong></span> <span class='ocrx_word' id='word_1_99' title='bbox 318 1815 369 1882; x_wconf 91' lang='lat' dir='ltr'><strong>ita</strong></span> <span class='ocrx_word' id='word_1_100' title='bbox 400 1815 519 1881; x_wconf 89' lang='lat' dir='ltr'><strong>iisdem</strong></span> <span class='ocrx_word' id='word_1_101' title='bbox 550 1817 736 1884; x_wconf 90' lang='lat' dir='ltr'><strong>utebantur</strong></span> <span class='ocrx_word' id='word_1_102' title='bbox 766 1815 964 1882; x_wconf 89' lang='lat' dir='ltr'><strong>nominibus.</strong></span> <span class='ocrx_word' id='word_1_103' title='bbox 1010 1815 1077 1881; x_wconf 90' lang='lat' dir='ltr'><strong>iam</strong></span> <span class='ocrx_word' id='word_1_104' title='bbox 1099 1838 1172 1881; x_wconf 91' lang='lat' dir='ltr'><strong>oum</strong></span> <span class='ocrx_word' id='word_1_105' title='bbox 1194 1815 1237 1881; x_wconf 91' lang='lat' dir='ltr'><strong>ad</strong></span> <span class='ocrx_word' id='word_1_106' title='bbox 1261 1815 1359 1882; x_wconf 89' lang='lat' dir='ltr'><strong>cotti-</strong></span> 
     </span>
     <span class='ocr_line' id='line_1_15' title="bbox 217 1923 1360 2000; baseline 0.002 -11"><span class='ocrx_word' id='word_1_107' title='bbox 217 1923 351 2000; x_wconf 84' lang='lat' dir='ltr'><strong>dianum</strong></span> <span class='ocrx_word' id='word_1_108' title='bbox 386 1924 524 1991; x_wconf 86' lang='lat' dir='ltr'><strong>vivendi</strong></span> <span class='ocrx_word' id='word_1_109' title='bbox 559 1948 654 1990; x_wconf 89' lang='lat' dir='ltr'><strong>usum</strong></span> <span class='ocrx_word' id='word_1_110' title='bbox 686 1923 729 1990; x_wconf 89' lang='lat' dir='ltr'><strong>ad</strong></span> <span class='ocrx_word' id='word_1_111' title='bbox 759 1923 922 1992; x_wconf 89' lang='lat' dir='ltr'><strong>instituta</strong></span> <span class='ocrx_word' id='word_1_112' title='bbox 951 1925 996 1990; x_wconf 87' lang='lat' dir='ltr'><strong>ad</strong></span> <span class='ocrx_word' id='word_1_113' title='bbox 1024 1931 1168 1992; x_wconf 87' lang='lat' dir='ltr'><strong>naturae</strong></span> <span class='ocrx_word' id='word_1_114' title='bbox 1201 1925 1360 1991; x_wconf 87' lang='lat' dir='ltr'><strong>notitiam</strong></span> 
     </span>
     <span class='ocr_line' id='line_1_16' title="bbox 211 2032 1359 2125; baseline 0 -25"><span class='ocrx_word' id='word_1_115' title='bbox 211 2033 471 2125; x_wconf 89' lang='lat' dir='ltr'><strong>perquirendam</strong></span> <span class='ocrx_word' id='word_1_116' title='bbox 494 2034 650 2120; x_wconf 81' lang='lat' dir='ltr'><strong>aggressi</strong></span> <span class='ocrx_word' id='word_1_117' title='bbox 671 2032 713 2099; x_wconf 88' lang='lat' dir='ltr'><strong>iis</strong></span> <span class='ocrx_word' id='word_1_118' title='bbox 737 2035 837 2101; x_wconf 87' lang='lat' dir='ltr'><strong>rebus</strong></span> <span class='ocrx_word' id='word_1_119' title='bbox 868 2055 1004 2122; x_wconf 87' lang='lat' dir='ltr'><strong>operam</strong></span> <span class='ocrx_word' id='word_1_120' title='bbox 1032 2034 1157 2118; x_wconf 85' lang='lat' dir='ltr'><strong>damus,</strong></span> <span class='ocrx_word' id='word_1_121' title='bbox 1182 2056 1267 2121; x_wconf 87' lang='lat' dir='ltr'><strong>quae</strong></span> <span class='ocrx_word' id='word_1_122' title='bbox 1299 2040 1359 2101; x_wconf 90' lang='lat' dir='ltr'><strong>aut</strong></span> 
     </span>
     <span class='ocr_line' id='line_1_17' title="bbox 215 2142 1356 2229; baseline 0.002 -22"><span class='ocrx_word' id='word_1_123' title='bbox 215 2142 251 2208; x_wconf 91' lang='lat' dir='ltr'><strong>in</strong></span> <span class='ocrx_word' id='word_1_124' title='bbox 273 2165 377 2210; x_wconf 90' lang='lat' dir='ltr'><strong>annos</strong></span> <span class='ocrx_word' id='word_1_125' title='bbox 402 2143 475 2210; x_wconf 88' lang='lat' dir='ltr'><strong>fere</strong></span> <span class='ocrx_word' id='word_1_126' title='bbox 500 2148 788 2228; x_wconf 71' lang='lat' dir='ltr'><strong>commutarentur</strong></span> <span class='ocrx_word' id='word_1_127' title='bbox 812 2148 871 2209; x_wconf 87' lang='lat' dir='ltr'><strong>aut</strong></span> <span class='ocrx_word' id='word_1_128' title='bbox 895 2149 1118 2229; x_wconf 84' lang='lat' dir='ltr'><strong>augerentur,</strong></span> <span class='ocrx_word' id='word_1_129' title='bbox 1147 2143 1253 2209; x_wconf 90' lang='lat' dir='ltr'><strong>multo</strong></span> <span class='ocrx_word' id='word_1_130' title='bbox 1289 2166 1356 2210; x_wconf 86' lang='lat' dir='ltr'><strong>ma-</strong></span> 
     </span>
     <span class='ocr_line' id='line_1_18' title="bbox 212 2252 1278 2326; baseline 0.002 -9"><span class='ocrx_word' id='word_1_131' title='bbox 212 2252 318 2320; x_wconf 88' lang='lat' dir='ltr'><strong>iorem</strong></span> <span class='ocrx_word' id='word_1_132' title='bbox 343 2252 447 2319; x_wconf 86' lang='lat' dir='ltr'><strong>etiam</strong></span> <span class='ocrx_word' id='word_1_133' title='bbox 468 2253 638 2319; x_wconf 91' lang='lat' dir='ltr'><strong>nominum</strong></span> <span class='ocrx_word' id='word_1_134' title='bbox 660 2276 825 2320; x_wconf 86' lang='lat' dir='ltr'><strong>novorum</strong></span> <span class='ocrx_word' id='word_1_135' title='bbox 847 2253 1053 2322; x_wconf 83' lang='lat' dir='ltr'><strong>inveniemus</strong></span> <span class='ocrx_word' id='word_1_136' title='bbox 1077 2253 1278 2326; x_wconf 87' lang='lat' dir='ltr'><strong>ubertatem.</strong></span> 
     </span>
    </p>

    <p class='ocr_par' dir='ltr' id='par_1_4' title="bbox 211 2361 1363 4344">
     <span class='ocr_line' id='line_1_19' title="bbox 223 2361 1361 2450; baseline 0.001 -22"><span class='ocrx_word' id='word_1_137' title='bbox 223 2413 231 2448; x_wconf 23' lang='grc' dir='ltr'><strong>Ι.</strong></span> <span class='ocrx_word' id='word_1_138' title='bbox 304 2361 356 2449; x_wconf 91' lang='lat' dir='ltr'><strong>De</strong></span> <span class='ocrx_word' id='word_1_139' title='bbox 388 2361 525 2430; x_wconf 86' lang='lat' dir='ltr'><strong>vivendi</strong></span> <span class='ocrx_word' id='word_1_140' title='bbox 559 2362 799 2430; x_wconf 88' lang='lat' dir='ltr'><strong>consuetudine</strong></span> <span class='ocrx_word' id='word_1_141' title='bbox 830 2386 871 2430; x_wconf 85' lang='lat' dir='ltr'><strong>ex</strong></span> <span class='ocrx_word' id='word_1_142' title='bbox 905 2366 1029 2430; x_wconf 88' lang='lat' dir='ltr'><strong>ornatu</strong></span> <span class='ocrx_word' id='word_1_143' title='bbox 1063 2369 1098 2429; x_wconf 89' lang='lat' dir='ltr'><strong>et</strong></span> <span class='ocrx_word' id='word_1_144' title='bbox 1126 2362 1361 2450; x_wconf 86' lang='lat' dir='ltr'><strong>suppellectile</strong></span> 
     </span>
     <span class='ocr_line' id='line_1_20' title="bbox 214 2471 1359 2559; baseline -0.003 -17"><span class='ocrx_word' id='word_1_145' title='bbox 214 2471 376 2542; x_wconf 86' lang='lat' dir='ltr'><strong>nonnulla</strong></span> <span class='ocrx_word' id='word_1_146' title='bbox 410 2471 582 2556; x_wconf 80' lang='lat' dir='ltr'><strong>discimns3</strong></span> <span class='ocrx_word' id='word_1_147' title='bbox 619 2471 765 2559; x_wconf 88' lang='lat' dir='ltr'><strong>plurima</strong></span> <span class='ocrx_word' id='word_1_148' title='bbox 795 2493 908 2539; x_wconf 88' lang='lat' dir='ltr'><strong>eorum</strong></span> <span class='ocrx_word' id='word_1_149' title='bbox 939 2495 1028 2539; x_wconf 89' lang='lat' dir='ltr'><strong>nova</strong></span> <span class='ocrx_word' id='word_1_150' title='bbox 1059 2493 1131 2540; x_wconf 87' lang='lat' dir='ltr'><strong>esse</strong></span> <span class='ocrx_word' id='word_1_151' title='bbox 1164 2471 1359 2539; x_wconf 82' lang='lat' dir='ltr'><strong>videbimus</strong></span> 
     </span>
     <span class='ocr_line' id='line_1_21' title="bbox 212 2579 1359 2668; baseline 0 -22"><span class='ocrx_word' id='word_1_152' title='bbox 212 2579 410 2668; x_wconf 88' lang='lat' dir='ltr'><strong>capillorum</strong></span> <span class='ocrx_word' id='word_1_153' title='bbox 432 2581 584 2648; x_wconf 90' lang='lat' dir='ltr'><strong>habitum</strong></span> <span class='ocrx_word' id='word_1_154' title='bbox 607 2581 817 2668; x_wconf 86' lang='lat' dir='ltr'><strong>agnoscimus</strong></span> <span class='ocrx_word' id='word_1_155' title='bbox 842 2583 883 2648; x_wconf 85' lang='grc'><strong>29</strong></span> <span class='ocrx_word' id='word_1_156' title='bbox 907 2584 926 2667; x_wconf 80' lang='grc' dir='ltr'>ἡ</span> <span class='ocrx_word' id='word_1_157' title='bbox 952 2582 984 2645; x_wconf 80' lang='grc' dir='ltr'><strong>δέ</strong></span> <span class='ocrx_word' id='word_1_158' title='bbox 1008 2583 1035 2645; x_wconf 85' lang='grc' dir='ltr'><strong>οἱ</strong></span> <span class='ocrx_word' id='word_1_159' title='bbox 1059 2583 1136 2667; x_wconf 77' lang='grc' dir='ltr'>κόμη</span> <span class='ocrx_word' id='word_1_160' title='bbox 1162 2583 1262 2667; x_wconf 85' lang='grc' dir='ltr'>ὥρους</span> <span class='ocrx_word' id='word_1_161' title='bbox 1284 2607 1359 2646; x_wconf 89' lang='grc' dir='ltr'>κατ-</span> 
     </span>
     <span class='ocr_line' id='line_1_22' title="bbox 218 2689 1359 2779; baseline 0.001 -23"><span class='ocrx_word' id='word_1_162' title='bbox 218 2691 339 2762; x_wconf 74' lang='grc' dir='ltr'>εσκίαζε</span> <span class='ocrx_word' id='word_1_163' title='bbox 371 2689 423 2754; x_wconf 85' lang='grc' dir='ltr'>καὶ</span> <span class='ocrx_word' id='word_1_164' title='bbox 457 2691 609 2777; x_wconf 80' lang='grc' dir='ltr'>μετάρενα</span> <span class='ocrx_word' id='word_1_165' title='bbox 625 2690 675 2775; x_wconf 81' lang='lat'><strong>²⁰).</strong></span> <span class='ocrx_word' id='word_1_166' title='bbox 729 2693 824 2777; x_wconf 82' lang='grc' dir='ltr'>κόμης</span> <span class='ocrx_word' id='word_1_167' title='bbox 862 2715 927 2758; x_wconf 85' lang='lat' dir='ltr'><strong>vox</strong></span> <span class='ocrx_word' id='word_1_168' title='bbox 956 2713 1041 2779; x_wconf 90' lang='lat' dir='ltr'><strong>quae</strong></span> <span class='ocrx_word' id='word_1_169' title='bbox 1079 2691 1121 2756; x_wconf 88' lang='grc'><strong>29</strong></span> <span class='ocrx_word' id='word_1_170' title='bbox 1143 2692 1186 2757; x_wconf 83' lang='grc'><strong>60</strong></span> <span class='ocrx_word' id='word_1_171' title='bbox 1220 2691 1359 2778; x_wconf 86' lang='lat' dir='ltr'><strong>legitur,</strong></span> 
     </span>
     <span class='ocr_line' id='line_1_23' title="bbox 217 2799 1358 2889; baseline -0.004 -19"><span class='ocrx_word' id='word_1_172' title='bbox 217 2799 320 2870; x_wconf 87' lang='lat' dir='ltr'><strong>etiam</strong></span> <span class='ocrx_word' id='word_1_173' title='bbox 342 2799 378 2866; x_wconf 92' lang='lat' dir='ltr'><strong>in</strong></span> <span class='ocrx_word' id='word_1_174' title='bbox 402 2800 495 2888; x_wconf 85' lang='lat' dir='ltr'><strong>opica</strong></span> <span class='ocrx_word' id='word_1_175' title='bbox 519 2801 613 2889; x_wconf 86' lang='lat' dir='ltr'><strong>poesi</strong></span> <span class='ocrx_word' id='word_1_176' title='bbox 635 2801 824 2884; x_wconf 77' lang='lat' dir='ltr'><strong>adhibetur,</strong></span> <span class='ocrx_word' id='word_1_177' title='bbox 850 2800 937 2867; x_wconf 86' lang='lat' dir='ltr'><strong>siout</strong></span> <span class='ocrx_word' id='word_1_178' title='bbox 960 2800 1028 2867; x_wconf 91' lang='lat' dir='ltr'><strong>alia</strong></span> <span class='ocrx_word' id='word_1_179' title='bbox 1052 2800 1228 2886; x_wconf 80' lang='grc' dir='ltr'>ἀπεκείρατο</span> <span class='ocrx_word' id='word_1_180' title='bbox 1251 2802 1358 2888; x_wconf 77' lang='grc' dir='ltr'>χαίτην</span> 
     </span>
     <span class='ocr_line' id='line_1_24' title="bbox 221 2909 1362 2997; baseline 0.003 -25"><span class='ocrx_word' id='word_1_181' title='bbox 221 2909 409 2975; x_wconf 67' lang='lat' dir='ltr'><strong>ll141146</strong></span> <span class='ocrx_word' id='word_1_182' title='bbox 435 2911 515 2975; x_wconf 85' lang='grc' dir='ltr'><strong>ω46</strong></span> <span class='ocrx_word' id='word_1_183' title='bbox 538 2932 605 2997; x_wconf 90' lang='lat' dir='ltr'><strong>qua</strong></span> <span class='ocrx_word' id='word_1_184' title='bbox 628 2910 739 2978; x_wconf 85' lang='lat' dir='ltr'><strong>utitur</strong></span> <span class='ocrx_word' id='word_1_185' title='bbox 762 2910 867 2976; x_wconf 86' lang='lat' dir='ltr'><strong>Arch.</strong></span> <span class='ocrx_word' id='word_1_186' title='bbox 884 2912 925 2976; x_wconf 88' lang='grc'><strong>37</strong></span> <span class='ocrx_word' id='word_1_187' title='bbox 949 2910 1055 2997; x_wconf 89' lang='grc' dir='ltr'>χαίτην</span> <span class='ocrx_word' id='word_1_188' title='bbox 1079 2911 1129 2974; x_wconf 84' lang='grc' dir='ltr'><strong>ἀπ’</strong></span> <span class='ocrx_word' id='word_1_189' title='bbox 1148 2911 1240 2996; x_wconf 81' lang='grc' dir='ltr'>ὤμων</span> <span class='ocrx_word' id='word_1_190' title='bbox 1263 2910 1362 2995; x_wconf 77' lang='grc' dir='ltr'>ἐγκοτί</span> 
     </span>
     <span class='ocr_line' id='line_1_25' title="bbox 214 3001 1358 3108; baseline 0.005 -26"><span class='ocrx_word' id='word_1_191' title='bbox 214 3020 406 3105; x_wconf 82' lang='grc' dir='ltr'>κεκαρμένος.</span> <span class='ocrx_word' id='word_1_192' title='bbox 453 3043 470 3087; x_wconf 90' lang='lat' dir='ltr'><strong>e</strong></span> <span class='ocrx_word' id='word_1_193' title='bbox 506 3001 628 3086; x_wconf 85' lang='lat' dir='ltr'><strong>ceteris</strong></span> <span class='ocrx_word' id='word_1_194' title='bbox 660 3041 745 3107; x_wconf 87' lang='lat' dir='ltr'><strong>quae</strong></span> <span class='ocrx_word' id='word_1_195' title='bbox 779 3020 869 3107; x_wconf 87' lang='lat' dir='ltr'><strong>apud</strong></span> <span class='ocrx_word' id='word_1_196' title='bbox 902 3019 1012 3107; x_wconf 87' lang='lat' dir='ltr'><strong>epicos</strong></span> <span class='ocrx_word' id='word_1_197' title='bbox 1035 3024 1153 3108; x_wconf 90' lang='lat' dir='ltr'><strong>poetas</strong></span> <span class='ocrx_word' id='word_1_198' title='bbox 1178 3043 1244 3086; x_wconf 89' lang='lat' dir='ltr'><strong>non</strong></span> <span class='ocrx_word' id='word_1_199' title='bbox 1267 3019 1358 3088; x_wconf 87' lang='lat' dir='ltr'><strong>inve-</strong></span> 
     </span>
     <span class='ocr_line' id='line_1_26' title="bbox 215 3128 1363 3217; baseline 0.002 -23"><span class='ocrx_word' id='word_1_200' title='bbox 215 3128 359 3196; x_wconf 88' lang='lat' dir='ltr'><strong>niuntur</strong></span> <span class='ocrx_word' id='word_1_201' title='bbox 386 3129 546 3196; x_wconf 86' lang='lat' dir='ltr'><strong>maiorem</strong></span> <span class='ocrx_word' id='word_1_202' title='bbox 569 3129 705 3196; x_wconf 86' lang='lat' dir='ltr'><strong>habitus</strong></span> <span class='ocrx_word' id='word_1_203' title='bbox 731 3133 887 3198; x_wconf 88' lang='lat' dir='ltr'><strong>ornatum</strong></span> <span class='ocrx_word' id='word_1_204' title='bbox 911 3134 946 3197; x_wconf 90' lang='lat' dir='ltr'><strong>et</strong></span> <span class='ocrx_word' id='word_1_205' title='bbox 968 3129 1186 3197; x_wconf 87' lang='lat' dir='ltr'><strong>iactationem</strong></span> <span class='ocrx_word' id='word_1_206' title='bbox 1213 3129 1363 3217; x_wconf 86' lang='lat' dir='ltr'><strong>coepisse</strong></span> 
     </span>
     <span class='ocr_line' id='line_1_27' title="bbox 213 3237 1358 3326; baseline 0 -22"><span class='ocrx_word' id='word_1_207' title='bbox 213 3237 451 3325; x_wconf 85' lang='lat' dir='ltr'><strong>intellegimus.</strong></span> <span class='ocrx_word' id='word_1_208' title='bbox 500 3263 567 3306; x_wconf 90' lang='lat' dir='ltr'><strong>non</strong></span> <span class='ocrx_word' id='word_1_209' title='bbox 590 3239 697 3305; x_wconf 85' lang='lat' dir='ltr'><strong>solum</strong></span> <span class='ocrx_word' id='word_1_210' title='bbox 721 3239 904 3325; x_wconf 88' lang='lat' dir='ltr'><strong>diligenter</strong></span> <span class='ocrx_word' id='word_1_211' title='bbox 926 3239 1083 3326; x_wconf 88' lang='lat' dir='ltr'><strong>pectendi</strong></span> <span class='ocrx_word' id='word_1_212' title='bbox 1097 3263 1167 3306; x_wconf 93' lang='lat' dir='ltr'><strong>mos</strong></span> <span class='ocrx_word' id='word_1_213' title='bbox 1185 3239 1358 3306; x_wconf 89' lang='lat' dir='ltr'><strong>colebatur</strong></span> 
     </span>
     <span class='ocr_line' id='line_1_28' title="bbox 215 3347 1361 3436; baseline -0.002 -22"><span class='ocrx_word' id='word_1_214' title='bbox 215 3349 427 3436; x_wconf 80' lang='grc' dir='ltr'>(ἐκτενισμένοι</span> <span class='ocrx_word' id='word_1_215' title='bbox 445 3347 529 3435; x_wconf 84' lang='grc'>165),</span> <span class='ocrx_word' id='word_1_216' title='bbox 554 3371 651 3436; x_wconf 89' lang='lat' dir='ltr'><strong>quem</strong></span> <span class='ocrx_word' id='word_1_217' title='bbox 667 3349 803 3414; x_wconf 90' lang='lat' dir='ltr'><strong>nimium</strong></span> <span class='ocrx_word' id='word_1_218' title='bbox 820 3348 1012 3416; x_wconf 86' lang='lat' dir='ltr'><strong>Semonides</strong></span> <span class='ocrx_word' id='word_1_219' title='bbox 1037 3350 1213 3436; x_wconf 86' lang='lat' dir='ltr'><strong>vituperat</strong></span> <span class='ocrx_word' id='word_1_220' title='bbox 1236 3352 1284 3420; x_wconf 80' lang='grc' dir='ltr'><strong>7ιι</strong></span> <span class='ocrx_word' id='word_1_221' title='bbox 1304 3350 1361 3414; x_wconf 88' lang='grc' dir='ltr'>αἰεὶ</span> 
     </span>
     <span class='ocr_line' id='line_1_29' title="bbox 215 3456 1361 3546; baseline 0.004 -25"><span class='ocrx_word' id='word_1_222' title='bbox 215 3456 248 3521; x_wconf 78' lang='grc' dir='ltr'><strong>δὲ</strong></span> <span class='ocrx_word' id='word_1_223' title='bbox 261 3458 367 3545; x_wconf 87' lang='grc' dir='ltr'>χαίτην</span> <span class='ocrx_word' id='word_1_224' title='bbox 391 3459 596 3544; x_wconf 84' lang='grc' dir='ltr'>ἐκτενισμένην</span> <span class='ocrx_word' id='word_1_225' title='bbox 621 3460 708 3545; x_wconf 84' lang='grc' dir='ltr'>φορεῖ</span> <span class='ocrx_word' id='word_1_226' title='bbox 732 3459 867 3546; x_wconf 80' lang='grc' dir='ltr'>βαθεῖαν,</span> <span class='ocrx_word' id='word_1_227' title='bbox 892 3459 1062 3542; x_wconf 80' lang='grc' dir='ltr'>ἀνθέμοισιν</span> <span class='ocrx_word' id='word_1_228' title='bbox 1080 3459 1285 3545; x_wconf 79' lang='grc' dir='ltr'>ἑσκιασμένην.</span> <span class='ocrx_word' id='word_1_229' title='bbox 1322 3483 1361 3526; x_wconf 87' lang='lat' dir='ltr'><strong>aa</strong></span> 
     </span>
     <span class='ocr_line' id='line_1_30' title="bbox 213 3567 1361 3656; baseline 0.001 -23"><span class='ocrx_word' id='word_1_230' title='bbox 213 3567 321 3655; x_wconf 86' lang='lat' dir='ltr'><strong>igitur</strong></span> <span class='ocrx_word' id='word_1_231' title='bbox 337 3568 457 3634; x_wconf 90' lang='lat' dir='ltr'><strong>mulier</strong></span> <span class='ocrx_word' id='word_1_232' title='bbox 481 3591 612 3655; x_wconf 88' lang='lat' dir='ltr'><strong>semper</strong></span> <span class='ocrx_word' id='word_1_233' title='bbox 636 3567 729 3650; x_wconf 85' lang='lat' dir='ltr'><strong>facit,</strong></span> <span class='ocrx_word' id='word_1_234' title='bbox 747 3568 836 3655; x_wconf 90' lang='lat' dir='ltr'><strong>quod</strong></span> <span class='ocrx_word' id='word_1_235' title='bbox 851 3568 949 3654; x_wconf 83' lang='lat' dir='ltr'><strong>virgo</strong></span> <span class='ocrx_word' id='word_1_236' title='bbox 966 3569 1055 3656; x_wconf 90' lang='lat' dir='ltr'><strong>apud</strong></span> <span class='ocrx_word' id='word_1_237' title='bbox 1066 3569 1306 3635; x_wconf 83' lang='lat' dir='ltr'><strong>Archilochum</strong></span> <span class='ocrx_word' id='word_1_238' title='bbox 1318 3570 1361 3634; x_wconf 87' lang='grc'><strong>29</strong></span> 
     </span>
     <span class='ocr_line' id='line_1_31' title="bbox 213 3677 1361 3766; baseline 0.002 -22"><span class='ocrx_word' id='word_1_239' title='bbox 213 3677 249 3744; x_wconf 87' lang='lat' dir='ltr'><strong>in</strong></span> <span class='ocrx_word' id='word_1_240' title='bbox 279 3677 332 3745; x_wconf 91' lang='lat' dir='ltr'><strong>die</strong></span> <span class='ocrx_word' id='word_1_241' title='bbox 368 3678 459 3746; x_wconf 84' lang='lat' dir='ltr'><strong>festo</strong></span> <span class='ocrx_word' id='word_1_242' title='bbox 491 3677 702 3744; x_wconf 85' lang='lat' dir='ltr'><strong>celebrando.</strong></span> <span class='ocrx_word' id='word_1_243' title='bbox 756 3677 858 3744; x_wconf 89' lang='lat' dir='ltr'><strong>etiam</strong></span> <span class='ocrx_word' id='word_1_244' title='bbox 890 3678 977 3744; x_wconf 84' lang='lat' dir='ltr'><strong>aliae</strong></span> <span class='ocrx_word' id='word_1_245' title='bbox 1007 3700 1104 3745; x_wconf 87' lang='lat' dir='ltr'><strong>voces</strong></span> <span class='ocrx_word' id='word_1_246' title='bbox 1128 3679 1217 3766; x_wconf 89' lang='lat' dir='ltr'><strong>apud</strong></span> <span class='ocrx_word' id='word_1_247' title='bbox 1241 3679 1361 3746; x_wconf 88' lang='lat' dir='ltr'><strong>Archi-</strong></span> 
     </span>
     <span class='ocr_line' id='line_1_32' title="bbox 214 3786 1363 3875; baseline -0.001 -22"><span class='ocrx_word' id='word_1_248' title='bbox 214 3786 345 3854; x_wconf 88' lang='lat' dir='ltr'><strong>lochum</strong></span> <span class='ocrx_word' id='word_1_249' title='bbox 377 3788 522 3875; x_wconf 90' lang='lat' dir='ltr'><strong>primum</strong></span> <span class='ocrx_word' id='word_1_250' title='bbox 552 3787 715 3874; x_wconf 86' lang='lat' dir='ltr'><strong>leguntur</strong></span> <span class='ocrx_word' id='word_1_251' title='bbox 744 3787 839 3854; x_wconf 89' lang='lat' dir='ltr'><strong>velut</strong></span> <span class='ocrx_word' id='word_1_252' title='bbox 864 3788 1053 3875; x_wconf 66' lang='grc' dir='ltr'>βοστρύχοισι</span> <span class='ocrx_word' id='word_1_253' title='bbox 1075 3793 1184 3874; x_wconf 78' lang='grc' dir='ltr'>γαῦρον</span> <span class='ocrx_word' id='word_1_254' title='bbox 1201 3789 1243 3854; x_wconf 82' lang='lat'><strong>58</strong></span> <span class='ocrx_word' id='word_1_255' title='bbox 1296 3791 1363 3852; x_wconf 80' lang='grc' dir='ltr'>δια-</span> 
     </span>
     <span class='ocr_line' id='line_1_33' title="bbox 216 3895 1362 3985; baseline 0.003 -25"><span class='ocrx_word' id='word_1_256' title='bbox 216 3899 497 3985; x_wconf 82' lang='grc' dir='ltr'>βεβοστρυχωμένον</span> <span class='ocrx_word' id='word_1_257' title='bbox 522 3896 605 3980; x_wconf 84' lang='grc'><strong>162,</strong></span> <span class='ocrx_word' id='word_1_258' title='bbox 639 3895 779 3963; x_wconf 90' lang='lat' dir='ltr'><strong>amicum</strong></span> <span class='ocrx_word' id='word_1_259' title='bbox 803 3896 1074 3980; x_wconf 67' lang='lat' dir='ltr'><strong>cincinnatumss)</strong></span> <span class='ocrx_word' id='word_1_260' title='bbox 1097 3902 1136 3965; x_wconf 88' lang='lat' dir='ltr'><strong>ut</strong></span> <span class='ocrx_word' id='word_1_261' title='bbox 1159 3897 1362 3985; x_wconf 81' lang='grc' dir='ltr'>κεροπλάστην</span> 
     </span>
     <span class='ocr_line' id='line_1_34' title="bbox 212 4006 1362 4093; baseline 0.001 -21"><span class='ocrx_word' id='word_1_262' title='bbox 212 4006 328 4073; x_wconf 90' lang='lat' dir='ltr'><strong>illudit</strong></span> <span class='ocrx_word' id='word_1_263' title='bbox 351 4009 419 4091; x_wconf 72' lang='lat'><strong>571,</strong></span> <span class='ocrx_word' id='word_1_264' title='bbox 452 4009 572 4075; x_wconf 86' lang='lat' dir='ltr'><strong>contra</strong></span> <span class='ocrx_word' id='word_1_265' title='bbox 594 4007 650 4076; x_wconf 77' lang='lat' dir='ltr'><strong>aa</strong></span> <span class='ocrx_word' id='word_1_266' title='bbox 684 4006 800 4072; x_wconf 89' lang='lat' dir='ltr'><strong>ducem</strong></span> <span class='ocrx_word' id='word_1_267' title='bbox 823 4006 1040 4093; x_wconf 78' lang='grc' dir='ltr'>ὑπεξυρημένον</span> <span class='ocrx_word' id='word_1_268' title='bbox 1064 4007 1257 4074; x_wconf 90' lang='lat' dir='ltr'><strong>contemnit.</strong></span> <span class='ocrx_word' id='word_1_269' title='bbox 1303 4008 1362 4073; x_wconf 80' lang='lat' dir='ltr'><strong>ho·</strong></span> 
     </span>
     <span class='ocr_line' id='line_1_35' title="bbox 211 4114 1357 4205; baseline 0 -22"><span class='ocrx_word' id='word_1_270' title='bbox 211 4116 333 4184; x_wconf 87' lang='lat' dir='ltr'><strong>minem</strong></span> <span class='ocrx_word' id='word_1_271' title='bbox 368 4117 533 4205; x_wconf 86' lang='lat' dir='ltr'><strong>quendam</strong></span> <span class='ocrx_word' id='word_1_272' title='bbox 568 4114 767 4202; x_wconf 65' lang='grc' dir='ltr'>βοστρύχοισιξ</span> <span class='ocrx_word' id='word_1_273' title='bbox 798 4121 907 4202; x_wconf 82' lang='grc' dir='ltr'>γαῦρον</span> <span class='ocrx_word' id='word_1_274' title='bbox 943 4115 1081 4184; x_wconf 87' lang='lat' dir='ltr'><strong>videtur</strong></span> <span class='ocrx_word' id='word_1_275' title='bbox 1107 4117 1169 4183; x_wconf 77' lang='grc'><strong>196</strong></span> <span class='ocrx_word' id='word_1_276' title='bbox 1203 4118 1357 4203; x_wconf 84' lang='grc' dir='ltr'>τρίχουλον</span> 
     </span>
     <span class='ocr_line' id='line_1_36' title="bbox 213 4224 1360 4315; baseline 0 -21"><span class='ocrx_word' id='word_1_277' title='bbox 213 4226 412 4315; x_wconf 83' lang='lat' dir='ltr'><strong>appellasse.</strong></span> <span class='ocrx_word' id='word_1_278' title='bbox 459 4225 603 4292; x_wconf 80' lang='lat' dir='ltr'><strong>feminac</strong></span> <span class='ocrx_word' id='word_1_279' title='bbox 636 4224 819 4312; x_wconf 88' lang='lat' dir='ltr'><strong>unguentis</strong></span> <span class='ocrx_word' id='word_1_280' title='bbox 852 4224 994 4313; x_wconf 85' lang='lat' dir='ltr'><strong>capillos</strong></span> <span class='ocrx_word' id='word_1_281' title='bbox 1022 4229 1058 4292; x_wconf 86' lang='lat' dir='ltr'><strong>ot</strong></span> <span class='ocrx_word' id='word_1_282' title='bbox 1087 4227 1273 4313; x_wconf 72' lang='lat' dir='ltr'><strong>pectora²⁹)</strong></span> <span class='ocrx_word' id='word_1_283' title='bbox 1306 4227 1360 4304; x_wconf 50' lang='lat' dir='ltr'><strong>de,-</strong></span> 
     </span>
     <span class='ocr_line' id='line_1_37' title="bbox 1223 4321 1233 4344; baseline 0 0"><span class='ocrx_word' id='word_1_284' title='bbox 1223 4321 1233 4344; x_wconf 86' lang='lat'><strong>.</strong></span> 
     </span>
    </p>
   </div>
   <div class='ocr_carea' id='block_1_3' title="bbox 214 4389 421 4396">
    <p class='ocr_par' dir='ltr' id='par_1_5' title="bbox 214 4389 421 4396">
     <span class='ocr_line' id='line_1_38' title="bbox 214 4389 421 4396; baseline -0.005 0"><span class='ocrx_word' id='word_1_285' title='bbox 214 4389 421 4396; x_wconf 72' lang='lat'><em>--——--—-—.</em></span> 
     </span>
    </p>
   </div>
   <div class='ocr_carea' id='block_1_4' title="bbox 280 4454 1272 4625">
    <p class='ocr_par' dir='ltr' id='par_1_6' title="bbox 280 4454 1272 4625">
     <span class='ocr_line' id='line_1_39' title="bbox 280 4454 1272 4529; baseline -0.004 -13"><span class='ocrx_word' id='word_1_286' title='bbox 280 4462 325 4529; x_wconf 82' lang='lat'><strong>21)</strong></span> <span class='ocrx_word' id='word_1_287' title='bbox 345 4459 441 4516; x_wconf 79' lang='lat' dir='ltr'><strong>similis</strong></span> <span class='ocrx_word' id='word_1_288' title='bbox 459 4458 570 4514; x_wconf 80' lang='lat' dir='ltr'><strong>habitus</strong></span> <span class='ocrx_word' id='word_1_289' title='bbox 590 4456 725 4526; x_wconf 82' lang='lat' dir='ltr'><strong>aspicitur</strong></span> <span class='ocrx_word' id='word_1_290' title='bbox 744 4458 773 4510; x_wconf 89' lang='lat' dir='ltr'><strong>in</strong></span> <span class='ocrx_word' id='word_1_291' title='bbox 792 4455 883 4512; x_wconf 81' lang='lat' dir='ltr'><strong>multis</strong></span> <span class='ocrx_word' id='word_1_292' title='bbox 903 4455 976 4510; x_wconf 82' lang='lat' dir='ltr'><strong>vasis</strong></span> <span class='ocrx_word' id='word_1_293' title='bbox 996 4454 1162 4524; x_wconf 82' lang='lat' dir='ltr'><strong>antiquioris</strong></span> <span class='ocrx_word' id='word_1_294' title='bbox 1181 4465 1272 4513; x_wconf 80' lang='lat' dir='ltr'><strong>uotae.</strong></span> 
     </span>
     <span class='ocr_line' id='line_1_40' title="bbox 281 4551 829 4625; baseline -0.007 -15"><span class='ocrx_word' id='word_1_295' title='bbox 281 4553 327 4625; x_wconf 82' lang='grc'><strong>22)</strong></span> <span class='ocrx_word' id='word_1_296' title='bbox 346 4552 379 4608; x_wconf 86' lang='lat' dir='ltr'><strong>de</strong></span> <span class='ocrx_word' id='word_1_297' title='bbox 399 4553 450 4608; x_wconf 88' lang='lat' dir='ltr'><strong>boc</strong></span> <span class='ocrx_word' id='word_1_298' title='bbox 469 4567 544 4608; x_wconf 84' lang='lat' dir='ltr'><strong>more</strong></span> <span class='ocrx_word' id='word_1_299' title='bbox 565 4551 594 4605; x_wconf 81' lang='lat' dir='ltr'><strong>cf</strong></span> <span class='ocrx_word' id='word_1_300' title='bbox 603 4565 625 4606; x_wconf 87' lang='lat' dir='ltr'><strong>e.</strong></span> <span class='ocrx_word' id='word_1_301' title='bbox 635 4566 661 4618; x_wconf 87' lang='lat' dir='ltr'><strong>g.</strong></span> <span class='ocrx_word' id='word_1_302' title='bbox 673 4551 732 4606; x_wconf 86' lang='lat' dir='ltr'><strong>Alo.</strong></span> <span class='ocrx_word' id='word_1_303' title='bbox 743 4552 776 4605; x_wconf 89' lang='grc'><strong>36</strong></span> <span class='ocrx_word' id='word_1_304' title='bbox 788 4551 829 4606; x_wconf 84' lang='grc'><strong>42.</strong></span> 
     </span>
    </p>
   </div>
   <div class='ocr_carea' id='block_1_5' title="bbox 0 0 1598 5106">
    <p class='ocr_par' dir='ltr' id='par_1_7' title="bbox 0 0 1598 5106">
     <span class='ocr_line' id='line_1_41' title="bbox 0 0 1598 5106; baseline 0 0"><span class='ocrx_word' id='word_1_305' title='bbox 0 0 1598 5106; x_wconf 95' lang='lat' dir='ltr'><strong> </strong></span> 
     </span>
    </p>
   </div>
  </div>
 </body>
</html>
