3186 5106
726 395 768 464 23

173 565 256 638 haec
279 593 332 638 res
356 570 445 661 quod
467 571 510 638 ad
533 571 725 640 memoriam
750 571 933 640 carminum
963 573 1091 643 attinet
1115 571 1316 663 ,gravissimi

175 679 222 747 eit
247 681 422 763 momenti,
458 680 545 746 unde
577 681 790 768 concluditur
819 686 893 748 tum
923 683 1094 770 permulta
1124 686 1316 772 poematum

176 788 328 876 exempla
350 787 496 855 Athenis
520 788 626 856 fuisse
650 789 721 856 sine
745 789 844 856 dubio
867 790 1012 858 Athenis
1036 793 1119 880 ipsis
1153 794 1316 862 confecta.

175 919 279 985 quare
303 898 333 964 si
355 898 495 986 respicis
519 897 684 966 cumillis
707 899 915 986 temporibus
939 921 1059 988 magno
1083 901 1208 970 honore
1226 902 1317 969 habi·

177 1010 250 1073 tum
273 1029 346 1073 esse
370 1007 488 1095 quibus
511 1007 657 1074 Athenis
680 1001 843 1095 permulti
873 1008 954 1074 libri
987 1011 1104 1077 confici
1137 1019 1171 1078 et
1202 1011 1318 1078 venire

176 1116 288 1204 coepti
304 1122 392 1199 sunt,
416 1117 518 1183 etiam
538 1117 609 1184 sine
632 1116 836 1184 testimoniis
852 1117 1037 1186 verisimile
1054 1123 1107 1186 est
1124 1119 1319 1186 Archilochi

177 1226 285 1296 multa
318 1226 523 1314 exemplaria
556 1250 617 1314 per
650 1213 759 1293 totam
792 1226 866 1293 fere
898 1225 1075 1295 Graeciam
1114 1227 1320 1316 pervulgata

177 1335 292 1403 fnisse.
337 1357 443 1423 neque
458 1336 613 1403 Platonis
638 1335 907 1423 Aristotelisque
930 1339 1044 1404 aetate
1068 1357 1139 1404 eam
1162 1336 1319 1404 notitiam

179 1444 319 1512 desiisse
341 1445 443 1512 Plat·
456 1468 543 1532 resp.
567 1445 604 1510 ΙΙ
627 1446 717 1512 356ο
738 1443 800 1510 Ar.
817 1444 905 1511 rhet.
921 1445 979 1512 HI
995 1445 1035 1511 17
1059 1445 1166 1512 libero
1192 1445 1319 1513 citandi

179 1554 275 1620 modo
300 1553 483 1621 verisimile
506 1553 673 1636 redditur,
697 1552 738 1619 de
761 1553 879 1640 quibus
903 1552 985 1620 locis
1009 1558 1111 1622 antea
1132 1579 1153 1642 p
1171 1555 1212 1621 15
1235 1553 1319 1622 vidi-

179 1686 261 1730 mus.
299 1703 341 1710 —
376 1662 453 1730 inde
483 1662 526 1730 ad
549 1662 800 1729 Alexandrinos
822 1662 1045 1749 pervenimus.
1097 1665 1139 1730 ab
1172 1663 1320 1730 Alexan·

179 1771 276 1838 drino
298 1770 517 1858 grammatico
541 1774 581 1837 ut
603 1774 792 1837 ceterorum
814 1773 992 1857 poetarum
1022 1770 1208 1856 lyricorum
1239 1770 1320 1836 iam·

179 1878 493 1967 bographoru'mque
508 1878 559 1946 ita
571 1877 766 1945 Archilochi
782 1877 886 1945 editio
902 1878 995 1944 facta
1012 1881 1073 1945 est.
1105 1899 1189 1965 quae
1205 1882 1321 1946 utrum

181 1987 406 2075 Aristophani
428 2010 472 2053 an
491 1986 693 2054 Aristarcho
718 1987 883 2053 debeatur
892 1985 926 2068 ²),
957 2008 1034 2052 nam
1056 1994 1235 2072 utrumque
1258 1985 1321 2051 sci-

180 2117 252 2160 mus
275 2100 396 2182 poetae
419 2115 556 2181 operam
578 2091 728 2173 dedisse,
763 2113 807 2157 an
829 2091 876 2158 ali
898 2115 965 2158 non
987 2093 1086 2160 facile
1116 2094 1320 2175 decernitur,

182 2227 255 2274 cum
276 2202 317 2270 de
340 2201 658 2289 iambographorum
681 2200 885 2268 editionibus
903 2201 1034 2267 omnino
1055 2201 1139 2268 nihil
1155 2202 1322 2270 traditum

181 2311 238 2379 sit.
284 2311 398 2399 itaque
421 2310 603 2392 videamus,
637 2309 795 2376 editionis
829 2309 921 2375 illius
956 2310 1027 2377 sive
1050 2309 1322 2397 Aristophaneae

183 2420 254 2488 sive
284 2419 528 2486 Aristarcheac
563 2439 724 2506 quaenam
757 2438 975 2504 assequamur
1009 2417 1165 2504 vestigia.
1222 2438 1322 2504 quae·

181 2532 325 2600 stionem
356 2528 589 2596 difficillimam
618 2530 657 2593 ut
690 2526 919 2614 expediamus,
962 2550 1096 2595 necesse
1131 2534 1185 2596 est
1215 2530 1322 2594 testes

183 2621 389 2708 excutiamus
405 2635 569 2724 quomodo
584 2634 782 2702 Archilochi
795 2635 901 2702 verba
920 2635 1078 2701 afferant.
1123 2656 1323 2722 quamquam

182 2774 250 2817 non
280 2747 405 2816 sufficit
437 2745 632 2813 testimonia
669 2744 843 2830 colligere,
882 2742 917 2809 id
954 2743 1042 2831 quod
1079 2730 1271 2812 iamdudum
1304 2766 1325 2810 a

183 2853 333 2942 Bergkio
365 2852 400 2918 in
423 2851 569 2918 editione
593 2854 628 2917 et
652 2849 772 2916 Crusio
795 2849 818 2915 l.
833 2849 855 2914 l.
879 2850 981 2937 peso
1004 2850 1228 2916 forefactum
1251 2856 1322 2932 est;

183 2962 361 3032 discrimen
383 2959 571 3028 faciendum
594 2962 648 3026 est
670 2959 760 3025 inter
784 2960 939 3024 vetustos
964 2962 999 3024 et
1028 2956 1180 3024 novellos
1211 2959 1324 3022 aucto-

183 3098 248 3142 res.
303 3070 531 3139 vetustiorum
552 3067 696 3156 primum
718 3065 936 3153 respiciamus
960 3065 1187 3134 Aristotelem
1208 3064 1266 3152 qui
1289 3064 1323 3130 fr

185 3185 227 3251 25
249 3183 331 3250 haec
355 3180 459 3247 verba
481 3174 692 3264 praemittit:
727 3173 897 3260 Ἀρχίλοχος
921 3175 951 3237 ἐν
985 3173 1097 3260 lippos
1133 3174 1166 3237 οὔ
1198 3176 1217 3257 ἡ
1243 3172 1335 3258 ἀρχή,

187 3293 266 3368 κτλ.;
299 3287 387 3354 idem
410 3283 512 3351 etiam
533 3281 568 3346 fr
586 3281 629 3346 74
651 3302 785 3348 versum
807 3282 1049 3351 tetrametrum
1072 3303 1090 3346 e
1112 3279 1258 3345 carmine
1282 3277 1325 3344 ci·

138 3419 140 3426 ’
187 3403 242 3466 tat
264 3394 353 3485 quod
381 3393 490 3478 ἴαμβον
522 3388 613 3456 dicit.
668 3388 784 3475 itaque
817 3387 1031 3475 perspicuum
1062 3395 1115 3454 est
1149 3386 1341 3484 trimetros

186 3506 284 3573 iamb.
309 3506 344 3570 et
366 3500 588 3568 tetrametros
604 3493 712 3562 trooh.
730 3485 916 3560 iamborum
938 3493 1073 3580 generis
1096 3493 1227 3560 nomine
1251 3515 1325 3559 con·

188 3613 282 3701 iungi
291 3611 324 3694 ³).
375 3631 441 3696 qua
464 3605 505 3672 de
528 3625 628 3671 causa
642 3601 805 3670 Herodot.
829 3601 847 3667 l
871 3601 912 3668 12
935 3624 976 3668 ne
1000 3600 1041 3669 de
1063 3605 1173 3668 metro
1196 3600 1328 3667 dubita·

190 3729 395 3742 ...ιιι-,-

263 3773 291 3841 2)
310 3767 459 3824 verisimile
477 3773 519 3820 est
535 3763 748 3833 Aristophanem
767 3761 899 3816 editorem
918 3761 1013 3825 luisse,
1032 3775 1110 3828 quem
1130 3759 1246 3812 aliorum
1266 3773 1329 3826 poe·

192 3866 283 3923 tarum
302 3865 448 3935 lyricorum
468 3860 589 3914 carmina
610 3855 757 3912 secundum
777 3857 838 3910 cola
857 3855 1026 3924 disposuisse
1039 3861 1161 3917 constat,
1181 3852 1330 3920 dequibus

189 3964 219 4018 in
236 3959 396 4015 Archilochi
414 3955 509 4025 epodis
524 3951 666 4008 lobacchis
687 3959 762 4004 certe
781 3947 964 4017 quaerendum
979 3957 1047 4001 erat.
1085 3946 1248 4000 Aristarcho
1268 3961 1329 3999 cum

190 4056 361 4128 ὑπομνήματα
379 4052 429 4106 illa
446 4049 579 4103 scriberet
599 4044 682 4100 editio
702 4051 814 4113 praesto
833 4051 902 4097 erat.

265 4151 293 4219 3)
312 4148 395 4203 etiam
420 4143 522 4213 epodos
549 4142 649 4212 ἰάμβων
678 4137 772 4206 generi
797 4136 919 4190 tribucre
947 4135 1088 4203 solebant;
1117 4150 1179 4188 nam
1198 4131 1330 4186 Horatius

193 4246 240 4316 qui
259 4242 366 4311 epodon
386 4239 485 4293 librum
506 4235 609 4289 iambos
629 4232 753 4300 appellet
772 4230 864 4300 (epist.
884 4230 895 4283 l
917 4233 958 4297 19,
977 4232 1011 4283 23
1030 4229 1068 4300 [ll
1088 4230 1113 4294 2,
1133 4227 1179 4296 59]
1200 4241 1242 4294 ep.
1265 4226 1330 4288 lta

194 4338 247 4394 c.1
269 4339 310 4403 16,
330 4337 353 4390 3.
365 4333 411 4402 24)
430 4348 483 4385 non
504 4344 574 4382 nova
594 4327 701 4392 afferre,
722 4324 768 4378 sed
789 4329 918 4389 veterum,
937 4322 1056 4377 fortasse
1079 4319 1235 4375 Archilochi
1255 4334 1332 4372 usum

192 4433 269 4502 sequi
296 4427 411 4482 videtur.
455 4424 581 4478 similiter
600 4423 701 4474 Anacr.
721 4420 755 4472 85
780 4416 882 4485 (epod.)
902 4418 929 4470 in
948 4416 993 4470 Et.
1014 4416 1081 4471 Gen.
1101 4415 1192 4485 ἴαμβος
1211 4412 1333 4480 appella·

192 4535 238 4582 tur
257 4540 306 4582 nec
325 4518 471 4578 aliomodo
484 4517 609 4573 Catullus
627 4510 871 4582 hendecasyllabos
891 4526 955 4566 suos
974 4510 1111 4564 interdum
1131 4507 1236 4562 iambos
1256 4506 1323 4561 dicit

191 4622 246 4691 to..
265 4617 293 4674 tr
312 4621 337 4673 s.
357 4617 412 4686 54,
432 4615 487 4685 ao,
