3186 5106
685 410 803 498 “7

209 605 366 698 [loquitur
387 609 460 676 tum
480 603 524 692 de
546 604 750 675 Archilocho
774 606 856 688 haec
882 606 1007 677 tradit:
1033 605 1149 695 Πάριοι
1166 609 1235 694 γοῦν
1261 590 1360 696 Ἀρχλὲ

216 719 306 805 λοχον
329 717 440 804 νιαίιτεγιῚ
461 716 638 805 βλάσφημον
663 717 733 782 ὄντα
755 719 955 804 maphaeus,
979 716 1015 784 id
1033 715 1126 807 'quod
1138 716 1278 785 drusius
1302 717 1325 786 l.
1338 715 1361 784 l.

216 850 245 915 p
261 827 326 893 496
354 830 389 894 et
412 825 696 895 Wilamowitzius
721 826 837 895 Goett.
852 857 854 862 ’
861 826 926 914 gel.
949 827 1036 894 Anz.
1059 826 1153 911 1896,
1171 827 1234 893 633
1269 829 1362 895 recte

208 933 437 1023 'interpretati
469 939 548 1003 sunt
579 935 819 1026 Archilochum
852 933 941 1026 apud
963 934 1083 1004 Parios
1116 935 1228 1004 herois
1260 935 1362 1004 hono·

211 1044 309 1130 ribus
343 1045 470 1112 cultum
495 1045 640 1132 ¹esse²¹);
675 1046 763 1114 unde
797 1046 952 1135 sequitur
986 1045 1065 1126 eius
1091 1044 1256 1113 tumulum
1278 1044 1362 1113 Pari

214 1153 372 1241 fuisse22)
402 1155 438 1220 in
469 1178 532 1244 quo
564 1154 667 1222 heroa
695 1155 853 1224 habitare
886 1155 1079 1223 credebant.
1125 1157 1167 1222 ab
1199 1177 1237 1222 eo
1267 1155 1362 1223 cultu

215 1262 353 1329 oracula
374 1263 559 1332 abhorrere
582 1268 736 1352 apparet,
760 1287 837 1331 nam
860 1263 896 1331 in
919 1264 1029 1332 altero
1053 1254 1176 1331 eorum
1192 1263 1360 1332 Calondas

206 1370 350 1440 ‘iubetur
374 1373 522 1440 Taenari
553 1395 651 1441 sacra
681 1364 811 1441 facere':
846 1371 1043 1441 Archilochi
1071 1389 1184 1440 manes
1214 1371 1250 1438 in
1282 1394 1359 1441 orco

215 1503 289 1548 esse
323 1481 517 1551 creduntur.
574 1483 663 1573 quod
697 1483 876 1550 discrimen
908 1481 1027 1573 quanti
1057 1480 1152 1550 nobis
1185 1487 1293 1564 esset,
1332 1483 1361 1550 si

215 1590 376 1657 sciremus
400 1615 464 1680 quo
487 1597 639 1682 tempore
662 1593 774 1659 cultus
797 1591 856 1660 ille
871 1591 955 1661 Pari
969 1580 1126 1660 valuisse.
1173 1596 1253 1660 utut
1276 1593 1358 1660 haec

215 1721 251 1766 se
279 1699 421 1786 habent,
455 1699 541 1766 illud
572 1701 753 1769 tenendum
783 1706 836 1769 cst
868 1701 909 1770 de
931 1701 1136 1769 Archilocho
1166 1701 1359 1769 memoriam

215 1808 405 1898 antiquitus
437 1807 602 1876 traditam
635 1809 800 1877 extitisse.
848 1809 888 1876 de
919 1808 1103 1876 maioribus
1127 1805 1198 1876 eius
1223 1807 1358 1876 Cereris

214 1918 337 1986 Pariae
368 1917 577 2008 Thasiaeque
613 1919 844 1987 sacerdotibus
880 1919 996 1986 fabula
1028 1920 1234 1985 narrabatur
1268 1922 1359 1987 teste

215 2026 384 2096 Pausania
398 2029 433 2094 X
447 2027 500 2110 28,
513 2029 533 2094 3
550 2049 570 2094 a
585 2026 779 2118 Polygnoto
795 2027 919 2095 'Phasin
936 2031 1074 2117 recepta
1084 2025 1138 2114 ²⁸):
1163 2047 1248 2115 quae
1264 2030 1358 2094 certo

216 2159 289 2204 cum
311 2136 437 2203 Thasia
466 2136 604 2224 regione
633 2136 810 2204 coniuncta
838 2135 914 2203 fuit.
962 2137 1002 2204 de
1034 2133 1140 2224 ipsius
1173 2132 1267 2200 cultu
1297 2133 1358 2203 illo

214 2246 461 2314 Alcidamantis
484 2245 679 2313 testimonio
703 2245 866 2314 certiores
891 2237 997 2312 limus.
1043 2267 1148 2334 quare
1170 2265 1237 2309 non
1259 2241 1358 2310 video

214 2376 273 2420 cur
295 2353 372 2421 huic
394 2353 540 2422 fabellae
561 2352 661 2420 fidem
684 2351 881 2440 derogemus
909 2374 1008 2441 quam
1029 2356 1173 2441 apparet
1199 2376 1237 2420 eo
1260 2351 1357 2420 modo

214 2466 442 2550 comparatam
466 2483 538 2527 esse
562 2459 620 2548 qui
641 2459 788 2527 vetustis
811 2460 1019 2547 temporibus
1044 2458 1231 2528 conveniat.

302 2573 375 2640 lam
397 2570 454 2638 ubi
469 2567 709 2636 Archilochum
731 2568 764 2633 in
787 2568 840 2635 his
865 2567 1010 2636 oraculis
1026 2567 1231 2633 Τελεσινλείοο
1253 2569 1359 2642 παιδός

214 2680 345 2748 nomine
367 2678 575 2768 appellatum
598 2699 672 2743 esse
694 2676 730 2743 in
759 2676 952 2744 memoriam
983 2698 1195 2761 revocamus,
1228 2676 1357 2744 animus

215 2813 253 2860 eo
276 2789 449 2879 pungitur,
475 2787 562 2877 quod
584 2785 672 2853 idem
685 2785 866 2853 Telesicles
890 2785 926 2852 in
948 2785 1015 2862 alio
1039 2784 1175 2853 oraculo
1198 2785 1359 2856 occurrit.

213 2921 289 2966 nam
313 2900 498 2966 Oenomaus
523 2918 575 2984 ap.
588 2895 669 2962 Eus.
682 2918 733 2982 pr.
748 2915 797 2962 eu.
811 2894 894 2961 VI?
917 2919 979 2982 per
1001 2894 1185 2962 ludibrium
1207 2898 1247 2962 ut
1270 2893 1358 2962 solet

212 3010 406 3100 Apollinem
429 3007 605 3075 adlocutus
628 3007 687 3075 ita'
701 3008 807 3074 verba
829 3005 961 3090 sacar)

388 3118 524 3202 ἄγγειλον
546 3115 681 3203 Παρίοις,
703 3113 903 3198 Τελεσίκλεες,
928 3119 968 3190 ὥς
993 3141 1026 3180 σε
1047 3117 1161 3182 κελεύω

385 3229 482 3312 νήσωι
503 3227 533 3289 ἐν
556 3219 678 3312 Ἠερληι
700 3225 807 3298 κτίζειν
830 3225 977 3290 εὐδείελον
1002 3224 1084 3290 ἄστυ.

213 3339 332 3424 ἀγγελῶ
361 3337 398 3423 νὴ
423 3336 496 3418 Δία,
523 3337 614 3422 φήσει
635 3333 715 3422 τάχα
737 3334 793 3399 πού
817 3360 858 3410 τις
880 3335 1088 3422 τετυφωμένος
1111 3336 1130 3421 ἥ
1156 3360 1189 3401 σε
1212 3323 1356 3424 ἐλέγχων,

212 3449 266 3514 κᾶν
291 3449 332 3534 μή
355 3446 525 3533 κελεύσηις·
558 3444 711 3530 πέπρωται
734 3444 801 3531 γάρ.
835 3443 883 3509 καὶ
914 3443 976 3509 ἔστι
999 3443 1098 3520 Θάσος
1122 3444 1173 3530 μὲν
1204 3442 1356 3534 ἠἬερία

213 3619 419 3630 ....-----

215 3729 276 3769 esse
294 3730 326 3770 eo
346 3721 463 3784 apparet
482 3713 553 3782 quod
574 3714 600 3767 in
621 3728 653 3768 eo
674 3712 710 3766 ὅτι
730 3714 819 3774 πάντες
837 3714 895 3773 τοὺς
908 3714 999 3786 σοφοὺς
1010 3720 1117 3783 τιμῶσιν
1136 3714 1268 3782 exemplis
1288 3715 1357 3768 satis

212 3807 333 3864 breviter
351 3807 500 3862 adstructis
526 3808 690 3875 explicatur.
728 3806 938 3861 dissimillimum
965 3807 1050 3876 igitur
1075 3814 1119 3862 est
1144 3807 1296 3875 fragmento
1316 3807 1363 3866 illi,

211 3917 226 3955 e
243 3900 398 3956 (tentamine
417 3909 527 3968 recepto
548 3905 630 3967 atque
649 3900 736 3967 magis
756 3900 889 3955 orationis
908 3900 999 3954 lumen
1019 3915 1078 3954 esse
1096 3899 1212 3954 videtur.

283 3996 328 4065 21)
350 3995 407 4049 Alc.
426 3995 514 4062 magis
533 3993 610 4047 fusus
630 4001 672 4047 est
691 3991 725 4046 de
745 3993 926 4068 Anaxagora:
947 3992 1107 4066 ἔθαψανκοιλ
1125 4000 1232 4065 τιμῶσιν
1250 3993 1286 4046 ἔτι
1305 3998 1357 4048 νῦν.

283 4089 329 4160 22)
346 4087 379 4144 Ε.
399 4087 496 4142 Rohde
514 4087 620 4157 Psyche
638 4085 738 4166 1¹¹159'
753 4079 813 4168 sqq]

281 4183 328 4252 23)
346 4181 375 4237 cl
392 4179 545 4236 Wilamow.
564 4180 635 4235 hom.
655 4179 687 4236 U.
708 4167 761 4236 223
775 4196 822 4249 sq3
851 4180 963 4235 Orusius
983 4197 1001 4250 p
1021 4182 1074 4235 490
1092 4181 1120 4235 in
1139 4187 1266 4235 coerrat
1285 4181 1357 4252 quod

210 4275 281 4328 banc
309 4273 467 4328 memoriam
496 4289 554 4339 cum
586 4272 690 4327 fabella
718 4273 751 4327 de
770 4272 920 4338 Pariorum,
941 4273 1050 4327 colonis
1069 4273 1173 4344 Thasia
1199 4273 1358 4341 confundit;

210 4359 300 4422 ultera
326 4367 359 4421 de
379 4361 497 4423 Cereris
512 4353 650 4435 mysteriis
676 4366 766 4420 altera
792 4365 825 4419 de
852 4365 948 4418 civium
974 4367 1082 4420 colonia
1101 4367 1221 4421 Thasum
1241 4365 1358 4421 deducta

210 4461 283 4530 agit:
303 4457 375 4530 quod
394 4476 447 4514 non
468 4459 561 4514 eodem
582 4467 704 4527 tempore
724 4459 826 4514 lactum
846 4457 1358 4534 esseBergkiusinhisulitall182,

209 4553 277 4623 (te.
296 4553 332 4626 ¹0)
352 4553 488 4622 exposuit.
956 4586 960 4595 -
1037 4551 1040 4560 '
1178 4619 1180 4623 ¹
1240 4603 1243 4608 .
1275 4619 1278 4627 Ι
1313 4603 1316 4610 ,

282 4645 329 4719 24)
347 4645 419 4702 idem
438 4644 579 4702 oraculum
599 4644 681 4701 affert
700 4645 794 4716 Stepb.
805 4645 836 4701 B.
856 4661 877 4703 s.
898 4643 980 4707 Θάσος
997 4663 1021 4701 v.
1040 4663 1070 4716 p.
1091 4648 1132 4702 11.
1164 4643 1168 4651 “
1271 4639 1273 4647 ’
1303 4643 1317 4654 ''
1333 4645 1335 4652 ’
1353 4645 1366 4656 ““
