3186 5106
717 373 779 468 τι

169 575 261 644 inter
296 600 331 645 se
366 576 614 664 coniunguntur
656 578 737 664 ὕβρις
772 580 807 644 et
842 577 908 662 δίκη
944 577 1032 646 sicut
1071 579 1160 667 apud
1194 579 1314 647 Archi-

168 684 355 754 lochum88

341 815 376 881 σίν
400 819 427 880 δ’
450 817 511 904 ἔργ’
536 818 582 882 ἐπ’
608 819 775 904 ἀνθρώπων
799 820 881 904 ὕρῦιις
946 809 949 816 ’

300 924 419 1013 λεωργσί
441 925 489 990 καί
515 927 651 1012 ὕεμιστσί,
677 926 724 992 coi
747 926 779 992 δὲ
802 928 918 1014 θηρίων

340 1037 453 1124 ὕβρις
477 1061 515 1101 τε
538 1036 602 1100 καλ
625 1037 714 1123 δίκη
740 1038 830 1124 μέλει.
1328 1116 1334 1129 ι

169 1146 228 1214 sed
249 1146 332 1214 haec
354 1146 573 1233 congregotio
596 1131 765 1215 naturalis
795 1151 864 1214 est:
898 1151 937 1215 ut
968 1147 1070 1214 etiam
1097 1149 1237 1236 propius
1268 1147 1313 1215 ad-

165 1255 411 1322 Archilochum.
422 1256 584 1325 accedunt
598 1258 704 1325 verba
717 1257 797 1324 Hes
811 1256 848 1323 Ο.
861 1257 926 1324 238
938 1279 978 1343 sq
1001 1253 1044 1329 οἷς
1069 1257 1095 1320 δ’
1106 1257 1189 1344 ὕβρις
1208 1283 1239 1322 τε
1257 1258 1313 1344 ρέ-

166 1368 243 1453 μηλε
265 1365 342 1452 κακὴ
365 1365 416 1431 καὶ
438 1366 560 1453 σχέτλια
584 1365 665 1453 ἔργα,
690 1368 750 1439 τοῖς
775 1365 807 1430 δὲ
832 1366 915 1452 δίκην
939 1364 1088 1452 Κρονίδης
1112 1361 1309 1453 τεκμαίρεται,

167 1475 203 1541 cf
215 1475 438 1562 Theogn292
462 1476 544 1564 ὕβρις
567 1478 714 1561 νικησασα
738 1477 831 1562 δίκην.
900 1475 960 1542 sed
980 1475 1166 1543 Hesiodum
1189 1476 1309 1542 Archi-

163 1584 260 1651 locho
283 1592 400 1653 notum
422 1585 528 1653 fuisse
552 1585 582 1652 si
604 1609 671 1651 non
693 1588 929 1681 comprobetur
946 1585 1006 1652 illo
1023 1586 1115 1653 vocis
1132 1585 1307 1674 quaesitae

163 1697 323 1780 λυσιμελής
347 1718 418 1779 usu,
442 1699 555 1762 tamen
578 1695 762 1763 verisimile
787 1702 840 1762 est
863 1689 900 1762 et
921 1717 983 1783 per
1007 1718 1042 1763 se
1066 1699 1101 1762 et
1121 1695 1307 1764 Semonidis

163 1803 368 1871 Archilocho
402 1804 460 1872 vix
497 1804 698 1873 recentioris
729 1805 918 1874 imitatione
953 1806 1098 1894 exempli
1130 1805 1307 1872 Hesiodei:

167 1914 225 2002 qni
248 1937 274 1982 e.
291 1938 324 2002 g.
347 1914 531 1982 Hesiodum
548 1914 585 1981 Ο.
601 1915 664 1981 702

293 2023 327 2087 od
352 2021 404 2108 μὲν
426 2015 483 2109 γάρ
506 2048 533 2088 τι
555 2023 693 2108 γυναικὸς
717 2022 792 2110 ἀνὴρ
815 2024 927 2110 ληίζετ’
952 2023 1071 2110 ἄμεινον

292 2139 345 2217 τῆς
368 2134 497 2219 ἀγαθῆς,
520 2140 573 2219 τῆς
598 2132 820 2220 ὕάὕτεκακῆς
844 2135 877 2198 οὕ
903 2133 994 2220 ρίγιον
1019 2133 1092 2198 ἄλλο

162 2241 214 2309 his
238 2242 393 2310 versibus
418 2243 571 2311 imitatus
595 2246 649 2311 est
671 2243 741 2310 fro

336 2351 474 2437 γυναικὸς
496 2351 582 2418 οὐδὲν
605 2353 699 2440 χρῆμ’
724 2352 798 2440 ἀνὴρ
822 2353 956 2439 ληίζεται

336 2464 448 2550 ἐσθλῆς
473 2462 592 2549 ἄμεινον
615 2462 685 2528 οὐδὲ
709 2463 800 2550 ῥίγιον
823 2471 925 2550 κακῆς.

245 2797 343 2865 Inter
366 2819 422 2866 eos
455 2821 563 2884 voces,
597 2820 681 2886 quae
711 2799 800 2888 apud
822 2797 1062 2866 Archilochum
1093 2797 1236 2886 primum
1262 2797 1309 2864 lc-

157 2911 294 2994 guntur‚
313 2907 421 2996 primo
441 2909 514 2977 loco
537 2910 688 2998 ponimus
711 2930 777 2993 eas,
801 2908 1032 2997 quaeIonicae
1056 2907 1193 2975 dialecti
1217 2911 1305 2974 sunt.

246 3019 427 3102 ὕιαπλίσσω]
468 3016 569 3085 Arch.
588 3020 642 3089 581
682 3019 799 3085 ducem
844 3019 1008 3106 quendam
1052 3021 1152 3086 vocat
1201 3020 1306 3082 διαιτε-

159 3128 317 3213 πλιγμένον
334 3131 543 3214 [ὕιαπεπλερρι.
561 3129 626 3195 Dio
640 3128 656 3193 I
673 3129 737 3195 302
747 3128 789 3211 Α,
815 3131 997 3214 ὕιαπεπηηρ.
1016 3127 1124 3196 Galen
1140 3130 1166 3194 t.
1183 3118 1308 3194 XVIII

159 3237 240 3303 605:
270 3260 357 3304 corr.
375 3238 522 3322 Hemst.]
545 3238 566 3304 i.
580 3261 607 3305 e.
632 3237 796 3304 hominem
819 3236 887 3324 εὐρὺ
908 3239 1066 3326 βεβηκότα,
1092 3237 1135 3304 ad
1157 3257 1304 3324 pugnam

120 3382 126 3394 ·
159 3351 328 3437 paratum.
382 3346 525 3414 similem
558 3345 686 3433 passivi
717 3345 887 3413 notionem
920 3347 1063 3433 praebet
1096 3343 1244 3430 Hesych.
1278 3365 1303 3409 s.

159 3459 384 3547 διαπεπλίχῦαι·
402 3455 586 3543 διηλλάχθαι
602 3453 638 3519 τὰ
650 3455 751 3541 σκέλη,
771 3453 820 3520 καὶ
839 3454 1023 3541 ἀντιβαίνειν,
1047 3451 1302 3522 cfEust.1564n

160 3569 391 3656 διαπεπλίχῦαι·
424 3565 456 3630 τὸ
481 3565 665 3652 περιπλέκειν
688 3563 755 3638 τσὺς
779 3567 882 3636 πῦὕας.
930 3563 1044 3631 activa
1066 3562 1163 3631 verbi
1178 3561 1303 3650 positio

156 3678 330 3747 invenitur
353 3677 514 3765 Hippocr.
538 3701 567 3741 π.
592 3664 654 3759 ηὐν.
670 3674 715 3758 Π,
731 3674 820 3742 VIII
830 3675 894 3740 378
917 3673 1066 3761 (femina)
1090 3673 1303 3759 ἀμφικαίλεζσ-

157 3789 230 3875 μένη
254 3787 304 3853 καί
328 3788 505 3858 ὕιαπλίξασα
529 3783 751 3870 honitatem).
796 3784 951 3871 ib,p346
982 3781 1015 3847 τὸ
1048 3783 1144 3868 στόμα
1167 3782 1302 3868 εὑρήσεις

156 3898 359 3986 διαπεπλιχῦς,
384 3897 419 3964 cf
434 3894 582 3982 Hesych.
608 3895 829 3980 ὕιαπεπλιχιῦς·
861 3895 992 3975 διεστὼς,
1024 3894 1169 3978 κεχηνώς.
1216 3890 1304 3957 idem

159 4010 349 4095 ὕναττέττλιχε·
384 4006 554 4093 διαβέβηκε.
587 4004 737 4088 πλίγματα
754 4001 810 4089 γὰρ
830 4005 958 4090 βήματα.
1006 4001 1108 4070 etiam
1131 3999 1301 4088 passivam

158 4119 302 4188 formam
332 4115 469 4183 medicis
503 4113 667 4181 usitatam
695 4112 801 4180 fuisse
833 4111 931 4179 docet
962 4111 1080 4179 Galen.
1104 4111 1170 4178 lex.
1198 4109 1299 4196 Hipp,

159 4226 409 4313 διαπεπλιγμένα·
437 4222 474 4289 τὰ
496 4222 545 4288 ἐπὶ
566 4221 641 4287 πολὺ
665 4219 742 4286 κατὰ
764 4222 816 4307 τὴν
841 4221 973 4310 πλιχσίδα
998 4224 1159 4316 ὕιεστιῖντα·
1191 4217 1300 4306 πλιχὰς

162 4337 251 4404 δὲτὸ
276 4335 383 4424 μεταὶίν
407 4341 465 4400 τῶν
490 4336 602 4398 σκελῶν
626 4339 678 4420 τῆς
701 4333 865 4420 ἐκφύσεως.

162 4527 369 4543 μ·

221 4660 267 4733 tl)
297 4657 338 4716 cic
356 4655 475 4728 optimus
495 4652 555 4711 cod.
574 4651 656 4710 Vind.
674 4648 710 4710 0:
730 4651 882 4728 ἀμφικαῦεζ.
901 4648 1058 4715 κατειλίξασα
1077 4648 1169 4729 ίανιὴν
1188 4649 1306 4726 domm.
