3186 5106
750 315 790 388 81

203 494 292 584 (nam
311 493 459 583 p1148a
476 494 679 562 Archilocho
696 496 807 563 ulitur
830 495 981 582 auctore)
998 495 1039 563 de
1055 493 1223 564 comoedia
1239 499 1344 579 erral⁷

201 606 236 671 id
260 605 348 694 quod
363 605 520 673 Kaibelio
544 605 701 690 videtur3
726 608 808 692 τῖμος
833 609 925 672 cerlo
949 629 1055 694 neque
1079 606 1168 693 apud
1191 611 1345 674 oratores

203 713 339 784 Atticos
364 737 471 802 neque
494 715 529 781 in
551 716 750 781 comicorum
774 715 926 802 reliquiis
951 715 1133 783 invenitur.

288 824 458 910 τρίχουλος]
493 824 554 890 hoo
587 847 706 890 nomen
741 847 804 911 quo
839 822 1061 890 Archilochus
1083 823 1145 888 196
1179 847 1259 890 usus
1294 829 1347 891 est

202 936 383 1021 practerea
405 932 683 1014 noninvenilur,
719 932 778 999 scd
810 933 880 1000 eius
912 935 1028 1020 partes
1053 932 1119 1000 alio
1142 933 1239 998 modo
1263 955 1347 999 com·

202 1042 334 1129 positae
368 1042 456 1129 apud
492 1042 616 1110 Herod.
638 1042 751 1108 11104
786 1043 965 1129 οὐλότριχες.
1024 1041 1097 1109 iure
1132 1041 1239 1128 igilur
1272 1042 1349 1108 ladi

200 1149 404 1220 vindicatur.

289 1261 452 1348 ὑποξυμέιυ]
487 1260 659 1332 Archhssr
695 1263 728 1326 οὐ
765 1262 860 1348 φιλέω
897 1262 989 1347 μέγαν
1024 1260 1188 1348 στρατηγὸν
1213 1311 1250 1325 ..
1284 1261 1347 1324 οὐδ’

205 1369 429 1456 ὑπεξυρημένον.
476 1368 614 1436 eandem
648 1393 762 1437 vocem
795 1368 939 1457 legimus
975 1371 1010 1437 in
1038 1372 1163 1437 Herod.
1176 1370 1265 1437 1118
1295 1392 1347 1437 co-

203 1479 312 1546 dicum
342 1478 461 1546 ordinc
485 1480 519 1564 βε
554 1470 714 1564 κείρονται
736 1479 768 1542 δὲ
802 1482 1003 1567 περιτρόχαλα
1038 1481 1246 1566 ὑποξυροῦντες
1280 1480 1348 1552 τοὺς
1412 1519 1414 1524 ,

201 1587 369 1675 κροτάφους
394 1610 477 1676 quac
501 1588 674 1677 scriptura
706 1589 825 1656 melior
849 1590 985 1658 videtur
1019 1613 1092 1658 esse
1115 1611 1214 1677 quarn
1237 1589 1348 1655 altera

202 1723 228 1762 κ.
254 1697 287 1762 δὲ
318 1699 509 1784 ὑποτρόχαλοι
545 1701 766 1784 περιξυμῶντες.
823 1700 963 1766 verbum
997 1701 1090 1786 Ευρέιυ
1126 1699 1216 1787 apud
1249 1699 1347 1765 Iones

205 1807 338 1895 saepius
364 1807 493 1894 legitur
516 1808 612 1875 velut
635 1808 760 1875 Herod.
773 1809 810 1874 Π
822 1810 862 1875 36
874 1811 915 1875 37
929 1810 970 1875 66
984 1810 1025 1875 66
1048 1809 1209 1897 Hippocr.
1223 1835 1251 1874 π.
1265 1833 1346 1873 νουο.

204 1916 249 1998 Π,
263 1915 451 1998 V113032,
482 1916 636 2002 ἀποξυμέω
661 1916 787 1982 Herod.
802 1918 833 1985 V
846 1918 888 1983 35
918 1916 1078 2006 Hippocr.
1092 1917 1163 1985 VII
1173 1918 1226 1999 20,
1254 1942 1348 2003 παρα-

206 2028 332 2112 ξυρὴοας
356 2025 455 2113 Hipp.
471 2025 603 2093 V1140.
650 2029 769 2093 contra
805 2027 893 2114 apud
915 2027 1052 2094 Atticos
1085 2027 1181 2093 deest
1210 2034 1349 2113 praeter

204 2157 327 2223 paucos
351 2128 539 2201 comoediae
561 2135 663 2220 locos,
689 2137 807 2224 quibus
831 2137 924 2223 ξυρέω
949 2137 1101 2223 ἀποξυρέυ
1125 2135 1264 2222 legitur.

629 2373 913 2383 Q

292 2565 420 2649 Quibus
445 2566 642 2654 subiungam
667 2590 706 2634 ca
731 2568 894 2635 vocabula
917 2589 1001 2656 quac
1030 2572 1065 2635 ei
1096 2567 1130 2633 in
1153 2565 1234 2634 Iade
1258 2573 1292 2634 el
1315 2564 1350 2632 in

206 2683 300 2761 κοινῆι
324 2675 543 2761 adhibentur,
581 2678 630 2744 aa
665 2682 704 2744 ul
731 2701 771 2744 ex
794 2677 912 2742 Ionum
936 2701 1087 2744 sermone
1111 2679 1146 2742 in
1168 2679 1269 2761 κοινήν
1292 2677 1350 2742 mi·

73 2807 74 2812 ¹
205 2806 322 2870 grasse
336 2785 535 2853 videantur.

292 2895 465 2981 ἀγέρωχος]
489 2897 530 2962 ab
548 2895 640 2982 cpico
658 2897 789 2962 nomine
814 2897 968 2983 ἀγέρωχος
986 2895 1008 2960 Γ
1023 2897 1064 2962 36
1077 2899 1140 2962 ccl.
1154 2896 1233 2962 Hcs.
1245 2895 1279 2960 fr
1292 2896 1347 2964 331

208 3003 325 3070 differt
359 3005 515 3092 ἀγὲμιυχος
550 3005 653 3072 Arch.
671 3006 735 3071 154
759 3037 798 3062 =
823 3007 943 3077 ἀλαζών
979 3005 1129 3091 ἄκοσμος,
1164 3029 1193 3072 v.
1212 3029 1236 3072 a.
1257 3005 1346 3093 p67.

207 3112 344 3179 candem
377 3113 548 3180 notionem
581 3114 669 3201 apud
703 3115 888 3181 Accienses
925 3114 1073 3181 valuisse
1096 3114 1272 3181 Eustachii
1288 3112 1352 3179 314

206 3223 400 3288 'testimonio
424 3228 568 3310 apparel
592 3225 649 3312 qui
672 3231 707 3290 et
730 3223 968 3289 Archilochum
997 3231 1032 3290 et
1055 3224 1217 3290 Alcaeum
1239 3224 1274 3288 fr
1289 3223 1351 3288 120

206 3338 313 3398 testes
337 3333 449 3399 afferi.
498 3333 568 3402 sive
592 3357 634 3399 ex
656 3333 796 3400 Aeolica
820 3335 891 3400 sive
915 3358 955 3400 ex
978 3334 1093 3399 Ionica
1116 3333 1261 3400 dialecto
1285 3354 1351 3400 vox

209 3441 243 3505 in
265 3449 367 3527 κοινῆς
389 3465 485 3508 usum
506 3443 657 3527 transiit,
681 3443 715 3509 id
732 3443 819 3530 quod
831 3443 996 3529 Polybius
1012 3439 1173 3524 laetatur,
1199 3442 1239 3508 dc
1256 3442 1348 3508 cuius
1423 3429 1439 3458 '

208 3549 290 3617 locis
317 3551 352 3617 cf
370 3551 568 3638 Krclingius
593 3552 633 3620 dc
656 3577 720 3619 usu
742 3553 950 3640 poeticorum
974 3557 1009 3619 ci
1028 3552 1161 3619 dialect.
1181 3575 1250 3620 voc.
1269 3551 1349 3617 diss.

211 3660 359 3729 Traiecl.
372 3661 493 3749 iosap
508 3661 536 3743 1,
561 3662 713 3749 quamvis
738 3663 778 3729 de
799 3685 880 3729 voce
902 3662 990 3728 falso
1015 3661 1226 3728 iudicaverit.

295 3771 442 3856 ἐγκυρέιυ]
466 3769 551 3857 epici
573 3774 693 3858 poetae
716 3771 827 3840 forma
846 3771 962 3857 ἐγκόρω
978 3773 1133 3850 utuntur,
1156 3769 1189 3836 N
1202 3771 1264 3836 145
1288 3769 1348 3834 ἐνέ-

206 3903 294 3966 κυρσε
319 3879 463 3965 φάλαγξιν
486 3879 566 3946 Hcs.
580 3879 616 3944 O.
631 3881 694 3946 216
724 3881 868 3967 ἐγκόρσας
893 3879 1037 3966 ἀάιηισιν.
1083 3880 1350 3965 60111ιαέγκυρέω

205 3988 350 4076 primum
380 3988 507 4076 legitur
538 3989 628 4077 apud
650 3989 824 4061 ArchJOe
858 3991 967 4062 ὁκοίοις
997 3989 1178 4075 ἐγκυρέιυσιν
1201 3988 1352 4076 ἔργμασιν,

206 4101 327 4166 contra
350 4120 447 4185 quem
462 4097 627 4165 Heraclii.
642 4099 676 4165 fr
688 4100 708 4165 5
721 4100 817 4185 Byw.
843 4107 973 4186 pugnat
997 4100 1030 4162 οὐ
1052 4099 1209 4184 φρονέουσι
1232 4103 1354 4163 τοιαῦτα

209 4205 252 4295 (οἱ
275 4207 350 4274 add.
369 4207 512 4294 Bergk.)
540 4207 645 4272 πολλοὶ
674 4209 782 4281 ὁκοίοις
810 4211 946 4292 [ὁκόσοις
972 4207 1245 4290 Schlciermach.]
1269 4209 1353 4291 ἐγκυ-

213 4319 311 4404 ρέουσι
334 4318 588 4403 [ἐγκυμσεόουσινε
615 4317 802 4402 Schusher]
826 4318 896 4382 οὐδὲ
921 4319 1065 4403 μαθόντες
1082 4320 1275 4400 γινώσκουσιν
1291 4319 1351 4382 κτλ.

211 4426 300 4513 apud
322 4425 459 4493 Atticos
482 4447 549 4492 non
571 4425 753 4509 invenitur,
780 4426 846 4493 nisi
869 4427 957 4515 quod
980 4425 1223 4493 Antichticisha
1245 4424 1354 4492 Bekk.

202 4557 255 4604 an.
276 4536 352 4625 1³9ss
376 4559 394 4603 e
418 4533 559 4602 Cratino
590 4535 759 4625 (Δγλιόοιν)
783 4535 925 4604 formam
948 4537 1111 4624 ἐγκυρῆοοιι
1134 4534 1298 4618 servavit,
1323 4535 1358 4598 cf

1090 4644 1111 4712 6
