3186 5106
594 1519 712 1576 GAPVT
737 1518 891 1574 PRIMVM.

484 1696 547 1763 DE
571 1691 861 1762 ARCHILOOHI
885 1691 1010 1760 VITA.

261 1959 457 2026 Fridericus
489 1957 695 2044 Theophilus
718 1957 880 2025 Welcher
914 1957 1030 2026 eodem
1062 1959 1135 2026 fere
1164 1965 1316 2045 tempore

177 2089 243 2155 quo
260 2067 394 2154 Sappho
418 2087 439 2132 a
461 2087 570 2154 prava
592 2064 746 2154 opinione
761 2065 931 2133 liberabat
948 2065 1051 2133 ctiam
1065 2065 1107 2132 de
1123 2064 1320 2132 Archilochi

177 2174 310 2242 nomine
333 2176 415 2242 bene
437 2174 580 2242 meritus
603 2178 673 2259 est;
698 2197 795 2262 quem
817 2175 852 2242 in
875 2197 1017 2243 censura
1038 2175 1197 2243 editionis
1221 2175 1319 2242 Libe-

176 2285 286 2354 lianae
320 2284 419 2370 (1816
441 2284 650 2372 opuscl72)
684 2305 705 2350 a
736 2283 996 2352 contumeliosae
1028 2283 1227 2352 acerbitatis
1263 2307 1319 2372 op·

176 2394 315 2484 probriu
338 2392 541 2474 vindicavit,
576 2417 650 2460 cum
673 2392 802 2480 primus
825 2397 904 2480 post
927 2394 1137 2460 saeculorum
1159 2397 1318 2462 tenebras

176 2503 337 2570 iambicac
359 2503 470 2590 poesis
500 2507 658 2570 naturam
686 2525 868 2589 rerumque
897 2507 1018 2590 poetae
1047 2502 1217 2590 ingenium
1245 2527 1321 2590 per·

179 2612 333 2700 spiceret.
379 2612 575 2699 priusquam
597 2634 638 2678 ea
667 2611 924 2700 quaestiuncula
955 2611 1081 2698 publici
1109 2611 1194 2678 iuris
1227 2613 1321 2679 facta

68 2736 74 2742 “
180 2723 243 2806 est,
268 2718 509 2788 OOMuelleras
522 2720 644 2788 extitit
659 2720 717 2808 qui
731 2743 798 2788 nou
812 2718 921 2787 solum
936 2743 954 2786 e
970 2719 1172 2807 fragmentis
1193 2725 1321 2788 cetera·

178 2853 242 2918 que
275 2830 441 2898 memoria
468 2830 594 2896 claram
626 2833 747 2918 poetae
781 2833 997 2916 componeret
1028 2827 1226 2916 imaginem,
1262 2829 1322 2896 sed

177 2939 279 3006 etiam
302 2961 400 3030 quem
424 2939 515 3004 inter
539 2944 671 3005 ceteros
704 2941 823 3024 poetas
857 2937 966 3004 locum
997 2937 1139 3005 haberet
1171 2937 1320 3025 ingenio-

176 3048 307 3116 sissime
332 3047 538 3114 ostenderet.
585 3067 664 3114 sane
687 3046 785 3114 huius
808 3047 1020 3114 fundamenti
1042 3047 1240 3115 firmitatem
1262 3071 1319 3138 pc·

176 3159 279 3226 steris
310 3155 496 3242 aagendam
528 3155 586 3223 vel
619 3154 855 3222 stabiliendam
892 3156 1051 3244 reliquit:
1092 3181 1199 3246 neque
1232 3157 1319 3224 enim

179 3263 289 3331 omnia
310 3261 419 3349 primo
442 3281 608 3348 aggressu
630 3259 790 3349 expedire
812 3283 919 3347 neque
943 3260 1093 3328 omnihus
1117 3262 1321 3330 testimoniis

177 3371 332 3460 perfecta
352 3369 551 3457 quaestione
574 3369 626 3437 uti
648 3373 796 3458 poterat.
843 3391 928 3456 quae
950 3391 1059 3457 parva
1081 3370 1241 3439 videntur
1257 3395 1320 3459 pro

178 3478 289 3566 operis
322 3473 562 3564 magnitudine.
621 3479 658 3542 at
691 3479 769 3564 post
796 3499 872 3542 eum
895 3477 1206 3566 Bernhardiumque
1229 3481 1322 3546 Dun-

178 3585 299 3654 ckerus
323 3590 363 3652 ut
395 3586 430 3652 in
459 3586 582 3652 ceteris
616 3585 727 3674 poetis
764 3585 885 3672 lyricis
916 3579 967 3653 ita
996 3586 1031 3652 in
1053 3587 1257 3654 Archilocho
1287 3587 1322 3655 id

178 3694 341 3784 peccavit,
366 3694 454 3783 quod
477 3717 701 3784 quaecumque
725 3694 789 3762 sibi
812 3698 895 3782 apta
910 3695 1115 3764 videbantur
1131 3697 1324 3784 fragmenta

179 3802 215 3868 iu
237 3802 311 3870 vita
333 3802 552 3870 describenda
576 3802 619 3870 sd
641 3827 696 3871 res
720 3802 935 3890 hominesque
950 3805 1097 3872 fortuito
1113 3806 1208 3872 nobis
1224 3809 1323 3875 notos

177 3911 318 3981 rettulit
348 3933 452 3999 caque
474 3913 561 3980 male
584 3913 834 4001 interpretatus
858 3914 1029 4002 permulta
1052 3914 1177 3982 statuit
1200 3937 1220 3981 a
1242 3937 1324 3982 vero

180 4019 301 4088 aliena.
357 4018 501 4086 multum
531 4019 679 4108 profecit
708 4019 895 4107 Bergidae,
929 4043 1002 4087 cum
1037 4044 1075 4089 eo
1107 4020 1325 4088 fundamento

179 4127 350 4196 niteretur
374 4125 463 4216 quod
484 4127 557 4216 ipse
581 4129 645 4196 sibi
669 4128 705 4194 in
729 4127 876 4197 editione
905 4133 1100 4216 paraverat.
1157 4153 1195 4198 eo
1217 4129 1325 4218 magis

182 4236 362 4306 dolendum
384 4242 453 4318 est,
487 4237 576 4324 quod
599 4236 702 4304 etiam
724 4233 784 4302 ille
808 4235 941 4324 saepius
973 4235 1241 4322 fragmentorum
1273 4258 1326 4303 ar-

185 4347 347 4431 gumenta
368 4341 468 4430 plane
491 4343 623 4412 incerta
645 4347 728 4411 nota
750 4342 879 4410 habuit.
926 4366 968 4410 ex
990 4344 1031 4411 iis
1055 4345 1113 4431 qui
1134 4344 1328 4432 nuperrimo

176 4448 383 4518 Archilocho
408 4472 544 4542 operam
567 4451 781 4520 navaverunt
803 4449 965 4518 Eduardo
988 4450 1139 4537 Meyero,
1163 4451 1255 4521 cuius
1277 4451 1329 4520 hi·

179 4555 308 4628 sturiae
331 4557 549 4648 antiquitatis
573 4560 725 4630 Graecae
746 4558 856 4626 mula
886 4580 1072 4647 magnaque
1099 4559 1268 4647 dommus,
1293 4564 1330 4631 et

1074 4667 1094 4736 1
