3186 5106
740 385 782 454 55

182 553 368 623 chilochum
383 558 426 624 23
450 563 547 627 extat
570 561 728 628 fortunae
760 561 917 629 tribuam.
964 561 1083 651 quibus
1120 566 1325 635 enumeratis

182 666 332 753 paullum
361 667 455 734 nobis
486 667 692 734 redeundum
722 673 775 736 est
797 670 841 736 ad
863 692 919 737 eas
943 671 1094 758 corporis
1117 677 1234 760 partes
1259 674 1329 761 qui-

179 776 316 841 buscum
339 776 484 842 animum
499 777 555 843 vel
571 777 673 843 animi
691 778 918 845 emanationes
936 779 1129 846 coniunctas
1146 784 1323 868 putabant.

181 905 238 950 cor
265 883 354 971 apud
376 885 560 951 Homerum
586 890 639 952 est
673 885 827 952 laetitiae
861 887 957 954 sedes
993 889 1097 954 6548
1132 891 1238 976 κραδίη
1273 890 1323 955 καὶ

182 992 275 1079 δορὸς
308 1045 314 1060 .
341 1045 347 1057 .
382 992 472 1078 ἰάνθη
507 1014 645 1080 quocum
684 995 853 1060 consentit
884 995 1106 1062 Archilochus
1123 997 1165 1062 36
1199 998 1323 1084 καρδίην

179 1102 302 1165 ἰαίνεται
324 1107 464 1188 praeter
487 1101 631 1167 formam
654 1102 777 1187 καρδίην
813 1102 848 1168 in
873 1103 1018 1170 Homero
1038 1104 1257 1187 rarissimam,
1290 1129 1319 1173 v.

182 1207 323 1276 Schulze
341 1232 394 1297 qn.
412 1232 461 1296 ep.
478 1209 552 1275 383.
599 1208 686 1275 oculi
701 1210 758 1278 254
781 1211 953 1295 ἀπόπροθεν
976 1211 1033 1297 γάρ
1056 1213 1133 1275 ἐστιν
1157 1213 1321 1298 ὀφθαλμῶν

181 1320 261 1403 ἐμῶν
284 1317 456 1384 translata
479 1318 552 1384 fere
576 1317 611 1382 vi
632 1321 794 1384 utuntur:
830 1319 919 1405 apud
942 1321 1124 1386 Homerum
1153 1342 1193 1386 ea
1224 1321 1326 1387 animi

180 1423 273 1491 notio
305 1423 372 1489 nisi
405 1423 510 1488 fallor
544 1445 611 1489 non
642 1426 747 1489 extat.
794 1416 897 1488 ὀδύναι
922 1425 1067 1491 Homero
1092 1428 1171 1491 sunt
1194 1429 1229 1492 et
1252 1448 1323 1493 cor-

178 1532 270 1620 poris
295 1531 429 1600 dolores
454 1536 489 1598 et
521 1531 623 1596 animi
651 1532 763 1598 luctus
773 1555 780 1616 3
815 1533 867 1598 illi
897 1534 948 1600 ita
979 1535 1053 1601 fere
1084 1533 1323 1602 describuntur

181 1640 289 1706 {1517
330 1638 409 1726 ἀμφὶ
440 1639 473 1702 δέ
505 1665 555 1723 μοι
585 1637 651 1725 χεὶρ
688 1640 807 1725 ὀξείηιο’
838 1639 986 1726 ὀδύνηιοιν
1019 1643 1163 1726 ἐλήλαται
1208 1643 1239 1734 ΙΛ
1255 1643 1320 1708 398

178 1741 267 1834 ὀδύνη
301 1747 334 1812 δὲ
369 1751 418 1813 διά
444 1747 534 1835 χροὸς
557 1749 626 1834 ἦλθ’
650 1751 787 1834 ἀλεγεινή
819 1751 878 1835 (sc.
902 1751 1074 1818 Diomedis
1100 1774 1117 1817 θ
1140 1750 1224 1839 pede
1248 1753 1320 1820 vul·

177 1859 302 1943 nerati)
328 1857 431 1924 E399
462 1850 595 1942 ὀδύνηιαι
627 1859 829 1944 πεπαρμένο;;
865 1859 976 1925 luctus
1009 1859 1194 1945 significari
1230 1861 1319 1928 solet

180 1971 331 2056 (praeter
355 1993 374 2032 α
389 1966 466 2052 242)
503 1969 619 2051 φρενῶν
644 1966 700 2033 vel
717 1969 821 2050 ,θοροῦ
844 1989 925 2033 voce
953 1967 1086 2049 addita,
1119 1969 1215 2035 velut
1238 1967 1322 2035 024

180 2075 273 2161 θυμὸν
296 2075 371 2140 ἀνίει
394 2073 512 2160 ἀζηχὴς
536 2066 625 2159 ὀδύνη
651 2071 733 2139 060
758 2075 842 2161 [³79.
903 2073 1128 2142 Archilochea
1152 2075 1217 2142 duo
1241 2081 1320 2144 sunt

180 2184 331 2272 exempla
354 2183 480 2250 doloris
506 2184 656 2270 corporis
681 2206 754 2249 cum
777 2183 879 2249 animi
902 2183 1085 2250 coniuncti:
1110 2185 1152 2249 84
1175 2184 1210 2249 in
1232 2205 1323 2252 amc·¹

178 2318 250 2362 rem
273 2292 601 2362 vehementissimum
623 2293 774 2380 inlapsus
798 2293 860 2360 hac
883 2292 1109 2380 descriptione

486 2397 627 2487 δύστηνος
651 2401 786 2488 ἔγκειμαι
812 2404 912 2466 πόθωι

377 2511 492 2599 ἄψυχος
515 2515 745 2597 χαλεπῆιαι
770 2514 848 2576 θεῶν
872 2504 1083 2597 ὀδύνηιαιν
1108 2512 1191 2596 ἕκητι

488 2622 736 2707 πεπαρμένος
761 2620 804 2685 δι’
828 2623 976 2686 ὀστέων

177 2731 391 2798 Homericum
421 2731 507 2796 illud
539 2732 672 2817 δδύνηιω
699 2731 885 2817 πεπαρμένος
928 2730 1044 2814 auxit;
1080 2729 1134 2795 hic
1180 2731 1324 2818 primum

174 2863 320 2909 amorem
342 2819 487 2926 imagine
511 2862 706 2927 expressum
728 2839 859 2906 invenis
884 2861 967 2927 quae
991 2860 1011 2904 a
1032 2842 1115 2905 nota
1137 2837 1199 2903 illa
1231 2839 1318 2924 ignis

174 2972 231 3016 cor
260 2956 295 3016 et
334 2969 411 3015 ossa
440 2948 572 3015 urentis
604 2970 671 3014 non
703 2947 845 3014 multum
874 2948 981 3014 abest.
1037 2967 1177 3033 quacum
1215 2946 1317 3012 etiam

175 3057 260 3124 hanc
274 3054 313 3137 15)
337 3055 491 3124 conferas
517 3057 579 3122 103

347 3169 425 3239 τοῖος
448 3166 505 3251 γὰρ
529 3167 686 3252 φιλότητος
710 3165 785 3252 ἔρως
810 3165 865 3229 ὑπὸ
889 3165 1013 3250 καρδίην
1037 3162 1174 3236 ἐλυτθείς

415 3275 562 3360 πολλὴν
585 3275 663 3338 κατ’
689 3274 818 3360 ἀχλὺν
842 3274 1029 3359 ὀμμάτων
1053 3271 1191 3359 ἔχευεν

347 3382 458 3470 κλέψας
481 3383 514 3445 ἐκ
539 3382 674 3467 στηθέων
700 3381 811 3455 ἀταλάς
836 3382 952 3468 φρένας.

172 3492 284 3560 luctus
309 3491 523 3578 egregiorum
545 3490 698 3558 virorum
720 3491 815 3578 aquis
840 3493 1100 3570 submersorum,
1124 3488 1169 3553 in
1201 3487 1320 3575 quibus

173 3601 367 3670 Archilochi
386 3600 514 3668 sororis
537 3601 697 3667 maritum
713 3601 817 3669 fuisse
839 3600 969 3682 scimus,
986 3597 1209 3687 gravissimus
1227 3602 1317 3663 erat:

289 3712 324 3780 94
348 3710 502 3782 οἰδαλέους
527 3711 553 3773 δ’
565 3711 641 3794 ἀμφ’
665 3701 796 3794 ὀδύνηια’
819 3709 927 3796 ἔχομεν
949 3711 953 3794 Ι
974 3699 1148 3792 πνεύμονας.

175 3817 239 3883 hac
259 3815 346 3882 mira
369 3814 539 3882 sententia
562 3813 705 3901 exprimi
728 3814 866 3882 videtur
889 3819 924 3882 et
942 3810 1205 3900 mediipectoris
1223 3808 1319 3878 dolor

174 3923 270 3991 luctu
301 3925 441 3991 effectus
473 3929 508 3990 et
543 3922 736 4010 pulmonum
767 3945 904 4010 pressus
932 3922 1067 4010 quidam
1096 3918 1198 3985 flendi
1221 3917 1318 3986 vehe-

172 4032 299 4100 mentia
323 4036 434 4116 ortus;
472 4053 571 4120 quam
602 4054 664 4118 ego
695 4054 762 4097 non
793 4033 893 4119 plane
924 4030 1100 4119 perspicia
1133 4027 1187 4094 eui
1209 4050 1316 4115 neque

172 4143 327 4210 veterum
360 4140 564 4232 medicorum
597 4162 704 4227 neque
737 4143 932 4207 nostratum
967 4138 1007 4207 de
1031 4161 1069 4205 ec
1092 4136 1216 4204 iudicia
1238 4140 1321 4202 nota

177 4249 256 4318 sint.

234 4419 277 4488 15)
297 4421 415 4486 utraque
434 4423 556 4472 nostrum
576 4424 685 4484 poetam
706 4419 733 4470 in
754 4417 909 4472 memoriam
930 4421 1040 4471 revocat

420 4527 448 4566 es
464 4511 621 4566 schwindelt
639 4511 699 4578 mir,
719 4528 747 4566 es
760 4513 855 4568 hecout

483 4605 555 4662 mein
574 4605 756 4678 Einpeweide.
