3186 5106
748 417 793 487 ‘35

200 593 242 662 ab
271 593 340 664 illis
364 619 431 662 non
452 595 661 684 legerentur.
706 617 783 661 nam
810 596 854 661 ad
876 593 1002 661 Iuliani
1024 592 1242 682 imperatoris
1266 597 1348 661 teme

198 727 283 792 pora
315 705 457 774 durasse
490 704 660 774 videntur.
715 703 771 792 qui
808 702 844 769 in
878 702 1025 791 epistula
1056 703 1198 790 quadam
1228 701 1346 788 p3000

199 812 404 880 haecdicit:
429 813 569 885 ἐξελατέα
591 813 686 878 τοίνυν
709 809 787 877 ἐστὶν
810 814 880 898 ἡμῖν
906 811 1001 878 πάντα
1030 817 1066 876 τὰ
1096 813 1217 898 ἐπαχθῆ
1243 812 1348 894 campe

200 945 287 1006 ματα,
311 925 394 995 πᾶσα
418 919 451 984 δὲ
474 921 604 1007 ἀσελγὴς
628 920 739 1006 ὁμιλία.
775 916 825 984 καί
849 921 930 992 ὅπως
953 919 1064 985 εἰδέναι
1087 918 1171 1006 ἔχηις
1195 918 1210 980 ὃ
1236 917 1344 1005 βούλο-

200 1053 252 1114 μαι
275 1027 415 1116 φράζειν,
450 1026 608 1114 ἱερωμένος
637 1051 679 1099 τις
704 1027 779 1112 μήτε
807 1023 977 1113 Ἀρχίλοχον
1009 1014 1238 1110 ἀναγινωσκέτω
1271 1025 1346 1109 μήτε

193 1131 384 1201 Ἱππώνακτα
416 1137 491 1222 μήτε
519 1134 608 1199 ἄλλον
636 1132 701 1200 τινὰ
727 1141 785 1200 τῶν
815 1133 851 1200 τοί
880 1139 1002 1200 τοιαῦτα
1026 1136 1211 1222 γραφόντων.
1258 1133 1345 1201 unde

198 1243 341 1312 conicias
375 1241 571 1332 Archilochi
605 1241 753 1309 carmina
796 1241 856 1308 illo
888 1246 1040 1332 tempore
1075 1242 1240 1311 extitisse.
1287 1241 1346 1309 sed

199 1374 296 1442 quam
319 1350 510 1420 cautissime
544 1351 585 1417 de
618 1373 655 1416 eo
690 1350 764 1416 loco
787 1349 1001 1417 iudicandum
1031 1354 1093 1419 est.
1139 1349 1220 1438 quid
1258 1349 1347 1437 quod

199 1459 361 1546 Synesius
387 1459 427 1526 de
452 1457 590 1526 insomn.
615 1457 722 1545 plat,
747 1458 926 1545 postquam
949 1457 990 1525 de
1012 1457 1130 1524 humili
1143 1458 1263 1526 Alcaei
1278 1458 1345 1524 Ar-

200 1568 406 1657 chilochiquc
428 1567 574 1635 materia
597 1565 698 1654 (sicut
721 1566 871 1634 Iulianus
896 1568 1028 1656 p337a)
1052 1570 1157 1636 verbe
1179 1567 1271 1651 fecit,
1295 1567 1346 1635 ita

198 1676 329 1765 pergit:
353 1675 402 1740 καί
431 1676 527 1748 τοίνυν
556 1678 575 1762 ἡ
602 1675 730 1762 διαδοχὴ
764 1681 815 1739 τοῦ
847 1677 955 1763 χρόνου
980 1681 1063 1763 τηρεῖ
1085 1676 1137 1763 τὴν
1162 1678 1279 1763 μνήμην
1304 1679 1345 1741 ὧν

200 1811 232 1850 τε
254 1788 390 1872 ἤλγησαν
415 1789 457 1851 ὧν
480 1811 511 1851 τε
535 1786 684 1871 ἥσθησαν.
731 1788 810 1851 utut
833 1785 915 1851 haec
939 1809 974 1852 se
997 1785 1142 1871 hahent,
1179 1789 1272 1853 certo
1295 1785 1346 1851 in-

199 1899 300 1982 tegra
323 1893 471 1962 carmina
494 1916 532 1960 eo
556 1897 708 1980 tempore
731 1914 795 1979 quo
819 1892 1003 1960 scholiasta
1027 1893 1171 1962 Aristid.
1207 1887 1346 1982 scripsit

198 2025 265 2071 non
286 2003 353 2072 iam
375 2005 533 2088 fuerunt;
567 2025 643 2069 nam
666 2001 709 2070 ad
732 2001 814 2068 hacc
836 2001 1001 2069 Aristidis
1032 2005 1138 2070 verba
1160 2004 1198 2070 Π
1209 2004 1272 2070 137
1295 2002 1347 2068 καὶ

203 2115 218 2178 ὁ
243 2113 293 2199 μέν
311 2139 345 2198 γε
359 2119 422 2178 κατ’
439 2111 522 2200 ἰσχὺν
540 2112 708 2199 προφέρων,
734 2113 759 2175 εἰ
783 2109 833 2176 καὶ
856 2111 920 2184 ἑνὸς
944 2112 991 2196 ε’ίτ,
1008 2113 1157 2198 κρείττων,
1183 2111 1238 2176 ὑπὸ
1263 2115 1345 2178 δυοῖν

203 2223 230 2308 χ’
257 2224 291 2289 ἃν
308 2222 395 2289 αὐτὸν
412 2222 623 2310 κατείρχεοθαί
647 2245 721 2308 φησι
743 2220 794 2286 καὶ
809 2218 979 2308 Ἀρχίλοχος
995 2222 1042 2309 (fr
1056 2222 1132 2310 144)
1154 2221 1205 2286 καὶ
1228 2225 1247 2308 ἡ
1274 2248 1347 2308 παρ-

202 2332 484 2419 αμίααολολὶκείο
496 2331 655 2421 (Sopater
663 2331 690 2417 l)
703 2331 758 2395 HI
769 2331 873 2397 4291)
889 2329 971 2398 haec
985 2332 1145 2399 adnotat:
1163 2335 1181 2418 ἡ
1201 2329 1251 2417 μὲν
1268 2357 1342 2419 παρ·

199 2443 281 2530 οιμία
295 2443 403 2530 φησίν·
418 2441 489 2506 οὐδὲ
499 2441 653 2529 Ἡρακλῆς
667 2439 738 2527 πρὸς
753 2441 806 2504 tto
819 2440 868 2525 (cf
878 2440 967 2508 Plat.
981 2441 1104 2508 Phaed.
1118 2442 1180 2508 890
1192 2425 1217 2507 c.
1232 2441 1344 2524 schol,

198 2552 319 2620 Zenob.
334 2551 449 2639 V49)·
474 2549 507 2616 τὸ
525 2549 558 2614 δὲ
575 2548 749 2636 Ἀρχιλόχου
769 2547 855 2635 'pucha
880 2547 940 2614 οἷον
962 2550 1013 2635 μέν
1031 2552 1108 2615 ἐστιν
1132 2551 1200 2614 οὐκ
1215 2545 1345 2635 ἴσμεν,

197 2659 270 2735 ἴσως
289 2661 314 2726 δ’
333 2662 366 2725 ἃν
384 2658 430 2746 εἴη
449 2665 590 2725 τοιοῦτον.
622 2682 741 2726 versus
759 2658 888 2726 scilicet
904 2659 936 2726 ei
951 2681 1017 2726 non
1032 2660 1068 2726 in
1083 2663 1242 2748 promptu
1258 2663 1342 2727 erat.

197 2774 299 2858 atque
324 2768 507 2838 verisimile
539 2772 591 2836 est
623 2767 692 2835 illis
717 2767 790 2834 fere
812 2767 1019 2856 temporibus
1054 2768 1156 2835 etiam
1179 2769 1344 2838 editiones

198 2882 376 2965 poetarum
398 2875 570 2944 interiisse
583 2876 634 2961 96).
680 2874 798 2962 quibus
822 2874 988 2942 absolutis
1012 2874 1094 2942 haec
1116 2876 1272 2946 adeamus
1296 2881 1346 2945 te-

199 2986 372 3054 stimonia:
391 2985 553 3072 Syncsius
566 2984 671 3052 Laud.
687 2983 782 3051 Oalv.
795 3006 817 3071 p
830 2984 909 3050 7513
925 2985 1150 3072 posteriorem
1165 2987 1199 3053 fr
1211 2987 1253 3053 29
1269 3009 1347 3074 par·

195 3095 428 3184 tem-atsutia
461 3095 603 3162 Malalas
627 3079 661 3158 fr
676 3094 739 3160 150
764 3093 855 3160 solus
879 3092 990 3160 tradit
1002 3094 1061 3180 ²⁷):
1086 3095 1228 3163 Malalas
1252 3099 1346 3164 certe

198 3205 335 3274 videtur
358 3204 462 3272 alium
485 3203 718 3291 exscripsisse;
752 3202 793 3268 de
806 3201 949 3289 Synesio
970 3203 1058 3270 idem
1074 3204 1257 3272 verisimile
1281 3208 1343 3290 est,

199 3314 256 3404 qui
279 3315 309 3382 si
326 3313 566 3382 Archilochum
587 3312 729 3400 legisset
752 3311 810 3378 vix
833 3311 977 3380 dixisset
1000 3313 1070 3382 eius
1095 3337 1198 3402 opera
1221 3319 1256 3383 ct
1280 3338 1346 3381 me·

199 3421 342 3490 moriam
364 3425 553 3510 temporum
576 3421 658 3507 fuga
681 3418 800 3488 deteri.

286 3529 502 3618 Singulorum
533 3528 683 3596 locorum
714 3526 874 3616 quosdam
904 3529 1092 3597 tractaturi
1123 3530 1267 3619 primum
1302 3531 1344 3599 iis

199 3662 335 3728 operam
357 3640 470 3706 demus
494 3637 553 3726 qui
577 3637 703 3726 duplici
725 3640 869 3703 utuntur
893 3637 1072 3725 scriptura,
1106 3662 1247 3727 quorum
1269 3664 1344 3708 cum

198 3747 240 3816 de
263 3744 397 3835 origine
416 3746 502 3813 nihil
524 3750 665 3829 constet,
691 3745 731 3810 de
754 3743 962 3812 auctoritate
985 3747 1212 3832 quaerendum
1235 3752 1297 3816 cst.

285 3861 314 3922 6.
351 3853 556 3923 Plutarchus
573 3853 651 3920 Lac.
666 3853 745 3922 inst.
760 3852 803 3920 34
816 3851 878 3920 hos
894 3855 999 3922 affert
1012 3854 1209 3923 Archilochi
1225 3879 1343 3925 versus

209 4057 415 4070 ——d———n

275 4199 321 4265 26)
340 4212 456 4265 quocum
484 4199 615 4255 cohaeret
639 4199 712 4271 quod
733 4201 946 4270 Byzantinorum
974 4202 1143 4270 temporibus
1170 4217 1265 4257 versus
1290 4203 1346 4257 orti

200 4297 263 4344 cunt
278 4292 365 4360 purii
375 4291 422 4348 Et.
433 4293 612 4363 stpalohu,
630 4295 664 4348 ad
684 4312 752 4363 quos
772 4295 870 4350 alludit
890 4295 1027 4350 Oedrenus
1043 4296 1068 4349 ΙΙ
1082 4297 1144 4363 612,
1154 4298 1179 4364 9,
1199 4295 1228 4350 cf
1236 4295 1343 4353 Nauck.

199 4384 391 4456 misc.Vl78;
424 4387 457 4442 de
486 4388 584 4456 quibus
613 4397 687 4443 recte
719 4388 853 4444 iudicavit
883 4390 1004 4444 Hillerus
1033 4391 1061 4442 in
1089 4389 1219 4444 Bursiani
1249 4389 1340 4444 annal.

197 4478 399 4548 leesfsapss.
419 4511 454 4520 -
473 4480 544 4536 lelso
563 4481 705 4541 lohannes
725 4483 857 4538 Siceliota
878 4482 945 4537 frlb
968 4483 1132 4539 Archilocho
1154 4484 1261 4538 tribuit.

267 4573 313 4643 27)
333 4572 384 4627 lr2
399 4573 471 4643 quod
481 4575 575 4645 Syues.
585 4591 628 4645 ep.
641 4577 690 4630 130
701 4593 718 4645 p
728 4579 778 4632 717
788 4575 821 4630 H.
843 4576 924 4632 affert
943 4576 1016 4647 apud
1030 4576 1201 4634 Athenaeum
1221 4575 1343 4632 invenire

201 4671 321 4736 poterat.
342 4697 373 4708 -
394 4667 668 4726 Themistiusor.'15
688 4671 770 4740 pist
795 4669 974 4727 Plutarchum
992 4689 1015 4727 v.
1036 4671 1146 4728 Phoc?
1167 4679 1276 4728 secutus
1295 4678 1345 4728 est.

1081 4766 1127 4832 3*
