3186 5106
797 346 838 414 92

241 517 374 616 Cratyl.
396 521 483 588 anab
517 519 725 604 defenditur,
773 545 804 590 v.
829 521 884 590 W.
909 518 1050 590 Schulzc
1082 519 1201 588 Kalos
1234 519 1386 588 Zoitsohr.

237 629 358 698 XXIX
369 631 442 698 261.
478 630 593 699 eodem
608 631 759 720 partinet
783 630 930 717 Hesych.
954 630 1081 716 δαίμων·
1105 631 1241 715 tutuno.
1273 651 1385 717 gram·

237 741 377 807 maticos
400 745 535 810 veteres
559 742 764 810 adiectivnm
787 763 807 808 a
831 741 907 806 δοίω
931 741 1034 809 verbo
1070 739 1248 808 deduxisse
1281 739 1381 808 docet

238 848 451 936 Etym.'Gen.
466 852 506 940 (F
508 853 544 939 l.)
569 877 594 920 s.
620 837 743 938 αίρολος
767 854 802 920 at
826 851 951 937 δαίμων.

324 984 484 1069 ἐλλάμπω]
507 985 609 1052 Arch.
623 986 679 1055 612
704 979 830 1057 πολλούς
854 1035 861 1048 .
887 1033 892 1046 .
917 983 1032 1069 Σείριος
1056 983 1215 1047 κατουοινεῖ
1237 981 1303 1054 ὀξύς
1326 982 1380 1044 ἐλ-

236 1089 361 1176 λάμπων
402 1094 443 1162 de
481 1095 603 1181 sole⁴⁷)
644 1095 778 1163 dicitur.
840 1092 1036 1160 Herodotus
1070 1113 1152 1158 voce
1193 1081 1390 1177 ἐλλύμποροιι

237 1201 406 1270 translate
439 1204 550 1272 utitur
581 1205 621 1272 de
651 1204 763 1292 gloria
786 1205 858 1270 180
880 1201 1024 1272 V1H74
1055 1202 1108 1265 οὐκ
1138 1201 1306 1274 ἐλπίζοντες
1329 1201 1383 1264 ἐλ-

236 1309 419 1398 λάμψεσθαι,
454 1313 511 1400 qui
534 1314 623 1382 VIII
639 1315 678 1381 14
709 1314 792 1381 dicit
814 1314 912 1400 ἡμέρη
937 1312 1098 1399 ἐπέλαμψε.
1146 1309 1291 1380 seriores
1325 1310 1385 1399 qui

236 1443 316 1487 voce
341 1426 484 1490 utuntur
506 1425 691 1512 scriptores
707 1423 880 1491 Plutarch.
894 1420 1019 1489 Plotin.
1034 1419 1208 1503 Themist,
1233 1418 1378 1507 Dionys.

114 1544 117 1550 '
237 1529 374 1619 Areop.,
400 1531 543 1622 Gregor.
568 1557 630 1622 pro
653 1533 877 1622 locupletibus
901 1539 1001 1617 κοινῆς
1032 1529 1186 1598 testibus
1210 1553 1283 1598 csse
1313 1529 1382 1598 n'on

237 1643 387 1727 possunt,
412 1640 463 1710 ita
484 1646 523 1709 ut
546 1642 587 1710 de
609 1666 690 1710 voce
714 1665 780 1710 non
803 1646 896 1710 certo
920 1644 1062 1708 constet.

323 1772 490 1859 ἐπίρρησις]
521 1773 622 1839 Arch.
636 1775 669 1842 81
704 1776 802 1838 δειλοῦ
832 1771 885 1858 μὲν
917 1772 1067 1858 ἐπίρρησιν
1102 1769 1283 1855 ρελεδοιίνιον
1316 1771 1380 1834 κτλ.

236 1877 317 1945 Orio
346 1878 404 1967 qni
432 1879 660 1966 fragmentum
690 1879 844 1947 servavit
867 1902 981 1947 vocam
1005 1877 1152 1967 explicat
1175 1878 1191 1940 ὁ
1213 1879 1306 1966 ψύχος
1329 1876 1380 1942 καὶ

235 1989 254 2072 η
279 1989 453 2075 κακηγορία,
485 2011 569 2077 quae
593 1988 765 2078 scriptura
792 1989 895 2056 etiam
917 1989 953 2054 in
976 1987 1081 2055 Suida
1103 1990 1159 2076 (=
1175 1986 1270 2073 Zon.)
1293 1986 1381 2072 ἐπίρ-

237 2120 336 2182 ρηοις·
373 2099 501 2186 ύψύηος
525 2095 572 2161 καί
596 2100 615 2183 ἡ
647 2098 811 2184 κατηγορία
841 2095 1055 2165 restituenda
1086 2101 1149 2164 est.
1195 2095 1381 2164 novissima

237 2210 350 2276 aetate
374 2231 440 2275 vox
463 2207 590 2276 revixit
624 2207 762 2275 notione
793 2212 943 2290 mutata,
979 2205 1031 2272 ita
1062 2209 1101 2272 nt
1133 2229 1154 2274 a
1187 2206 1380 2274 vetustiore

238 2316 370 2383 omnino
394 2315 504 2384 aliona
528 2340 601 2384 esse
624 2317 803 2384 videatur:
828 2315 918 2384 Plut.
933 2315 1225 2407 aud.poet.p19d
1247 2314 1289 2381 de
1312 2315 1382 2380 Ho-

237 2447 327 2492 mero
352 2425 435 2495 dicit
461 2427 493 2490 εὖ
519 2425 551 2491 a
574 2425 623 2491 καὶ
647 2430 710 2499 τοῖς
734 2427 905 2513 ἐπιρρήσεσι
928 2426 962 2515 (i.
973 2451 1000 2494 e.
1029 2424 1208 2495 sententiis
1239 2445 1381 2510 gencra-

235 2535 337 2624 litus)
360 2546 478 2623 χρῆται.
512 2536 751 2604 incantationis
775 2559 894 2603 nomen
917 2542 970 2604 est
993 2536 1082 2626 apud
1105 2534 1289 2602 Lucianum
1312 2534 1382 2600 Eu-

233 2644 369 2712 sebium.
1209 2637 1211 2642 ⁵

325 2775 404 2865 ἔσκε]
428 2777 546 2861 [Arch.
561 2778 616 2861 14]
644 2777 712 2842 ἔσκε
748 2776 881 2863 μάχηται
913 2775 1052 2861 legitur.
1099 2773 1168 2838 ἔσκε
1199 2773 1382 2859 praeterea

235 2909 300 2952 non
330 2885 461 2972 inveni;
496 2885 690 2953 Herodotus
714 2887 823 2954 forma
845 2884 912 2950 ἔπιε
935 2883 1066 2968 utitur,
1102 2906 1132 2951 v.
1154 2879 1378 2947 Hoffmannus

236 2993 258 3060 1.
273 3016 298 3062 c.
311 2995 384 3062 594.

321 3125 460 3211 κηρύλος]
495 3123 599 3191 Areh.
613 3124 698 3190 109a
714 3122 768 3189 Cr.
801 3125 901 3208 ὥσπερ
936 3123 1072 3209 κηρύλος.
1104 3122 1283 3210 praeterea
1315 3120 1380 3188 hoc

232 3254 352 3299 nomen
367 3232 496 3320 legitur
511 3231 617 3299 Alcm.
633 3232 688 3300 aa
705 3232 831 3317 κηρύλος
848 3229 910 3317 εἴην
934 3235 1012 3315 κτλ.;
1037 3229 1375 3318 Aristophanae

233 3341 276 3408 ad
289 3342 452 3427 Σποργίλον
474 3346 646 3408 tonsorem
669 3340 894 3408 cavillandum
917 3341 1059 3408 formam
1079 3339 1213 3426 κειρύλος
1228 3338 1373 3408 induxit.

237 3448 626 3516 Aristot.h.an.V1113
650 3449 776 3534 κηρύλον
799 3447 840 3515 de
863 3447 1005 3535 alcyone
1028 3447 1185 3516 secernit.

322 3577 419 3665 ῥάχις]
442 3577 545 3645 Arch.
560 3576 600 3645 21
625 3577 665 3644 de
689 3577 799 3644 Thaso
830 3577 941 3645 insula
970 3577 1051 3645 dicit
1084 3581 1140 3664 ἥδε
1169 3579 1274 3642 δ’ὥσπ’
1307 3578 1376 3644 troo

234 3685 318 3772 ῥάχις
350 3686 472 3771 ἕστηκεν
507 3685 577 3770 ύλης
610 3685 715 3770 ἀγρίης
749 3686 919 3772 ἐπιστεφής.
966 3682 1059 3751 dorsi
1091 3707 1210 3752 nomen
1232 3685 1378 3774 primum

233 3793 362 3881 legitur
387 3794 481 3860 1208
517 3792 584 3866 σούς
620 3792 733 3857 σιάλοιο
767 3791 862 3880 ῥάχιν,
900 3795 979 3879 post
1011 3791 1251 3860 Archilochum
1287 3794 1378 3862 inter

235 3901 319 3970 alios
344 3925 396 3990 ap.
417 3899 576 3987 Hippocr.
601 3927 630 3965 π.
656 3899 740 3986 άρύρ.
757 3901 809 3968 IV
826 3897 889 3964 124
906 3899 968 3965 176
988 3899 1049 3965 182
1066 3900 1130 3967 190
1160 3901 1202 3968 de
1236 3900 1377 3969 hominis

236 4012 346 4078 dorso.
393 4013 512 4076 contra
534 4007 659 4076 Herod.
676 4008 790 4075 11154
812 4006 859 4072 ἐπὶ
882 4012 933 4092 τῆς
957 4007 1060 4093 ῥάχιος
1083 4011 1135 4070 τοῦ
1152 3997 1236 4095 ύρεος
1252 4011 1379 4076 ἐπεόντα

237 4119 386 4189 V11216
410 4115 485 4182 κατὰ
509 4117 594 4204 ῥάχιν
618 4121 670 4182 τοῦ
687 4107 769 4203 ύρεος
785 4115 900 4203 iugum
915 4114 1039 4182 montis
1059 4115 1143 4202 ῥάχιν
1160 4116 1259 4185 dicit:
1273 4117 1379 4188 ‘vides

239 4226 401 4312 quomodo
425 4228 506 4295 haec
529 4228 621 4294 notio
646 4227 735 4316 apud
759 4225 997 4292 Archilochum
1021 4234 1257 4314 praeparetur.

303 4489 350 4558 47)
370 4488 441 4543 Plut.
455 4504 530 4546 conv.
545 4497 649 4560 quaest.
660 4489 699 4544 111
714 4488 752 4560 10,
772 4491 788 4542 2
829 4487 946 4568 Hesych.
958 4505 978 4542 s.
990 4485 1084 4566 Σείριος
1098 4489 1146 4561 qni
1159 4487 1230 4546 idern
1247 4489 1288 4544 bis
1303 4496 1378 4548 trac·

246 4581 324 4644 tant
