3186 5106
803 343 845 408 26

256 511 400 582 omnium
436 514 745 584 Alexandrinarum
784 517 968 587 editionum
999 517 1090 586 ratic
1128 519 1255 588 certius
1293 543 1395 611 appa·

254 624 355 692 rebit.

261 767 264 771 ¹
334 725 382 800 'In
405 735 590 804 Semonidis
614 737 825 819 carminibus,
860 741 899 804 ut
923 739 964 804 ab
986 738 1235 827 iambographis
1259 740 1395 828 incipia-

255 867 344 926 mus,
379 845 461 912 hueo
491 869 547 912 res
576 851 638 913 est.
684 847 719 913 fr
736 847 777 912 14
809 846 958 914 Galenus
991 848 1169 914 secuudum
1202 849 1396 916 liberiorem

255 977 381 1020 morem
403 954 454 1020 ita
482 955 601 1022 laudat
624 955 656 1019 τὸ
689 955 770 1042 παρὰ
793 957 969 1042 Σημωνίδηι
1000 959 1204 1043 γεγραμμένον
1234 961 1264 1023 ἐν
1296 963 1395 1024 τοῖσδε

255 1066 315 1135 τοῖς
345 1062 452 1128 ἔπεσιν.
517 1065 594 1132 inde
624 1065 712 1152 quod
743 1065 866 1132 Pollux
900 1066 946 1148 (fr
962 1066 1014 1145 19)
1048 1067 1130 1134 dicit
1163 1069 1341 1154 Σημωνίδης
1378 1071 1394 1132 ὁ

256 1173 430 1259 ἰαμβοποιάς
462 1173 503 1240 de
533 1197 570 1241 eo
595 1174 683 1261 quod
705 1179 825 1241 nostra
847 1197 934 1241 nune
956 1175 1102 1244 interest
1135 1177 1297 1244 certiores
1328 1187 1395 1243 non

254 1281 369 1364 fimus,
415 1307 522 1371 neque
556 1307 597 1350 ex
620 1284 790 1351 Athenaei
812 1284 925 1351 verbis
950 1285 1068 1372 quibus
1092 1286 1126 1352 fr
1138 1286 1180 1351 22
1197 1309 1236 1374 sq
1265 1287 1394 1355 inducit

253 1393 284 1455 ἐν
309 1391 420 1477 ἰάμβωι
443 1393 477 1456 οὔ
500 1395 623 1480 ηάρχή
648 1417 715 1480 eqs
762 1400 876 1460 cetera
898 1397 1011 1461 autem
1033 1394 1229 1462 testimonia
1250 1396 1340 1463 inter
1359 1419 1393 1463 se

255 1501 425 1568 simillima
447 1526 513 1568 non
536 1502 616 1569 licet
640 1502 829 1569 discutere:
855 1527 995 1590 quorum
1012 1503 1134 1571 Suidae
1157 1505 1394 1591 gravissimum

255 1614 361 1692 esset,
394 1611 458 1678 nisi
492 1617 688 1698 corruptum
720 1615 827 1678 esset:
862 1610 1043 1694 illef'enim
1066 1637 1091 1680 s.
1111 1613 1280 1700 Σιμωνίδης
1310 1614 1393 1682 dicit

255 1719 381 1808 ἔγραψεν
415 1723 532 1804 ἐλεγεῖα
564 1724 685 1804 [-είοιν;
711 1720 825 1787 Const.
849 1721 1097 1810 Palaeocappa]
1136 1725 1167 1786 ἐν
1204 1725 1325 1810 βιβλίοις
1365 1727 1390 1811 β,

257 1829 394 1916 ἰάμβους,
420 1852 516 1917 quem
538 1830 646 1896 locum
664 1827 838 1916 'Bergkius
871 1831 971 1918 p441
1000 1831 1050 1897 ed.
1073 1855 1140 1898 non
1171 1833 1243 1900 sine
1274 1835 1393 1922 proba·

256 1939 392 2006 bilitate
414 1940 464 2006 ita
488 1940 638 2007 correxit
661 1939 788 2026 ἔγραψεν
811 1941 938 2024 ἐλεγεῖα,
973 1941 1096 2027 ἰάμβους
1120 1943 1150 2005 ἐν
1176 1943 1298 2029 βιβλίοις
1323 1942 1394 2029 idib:

247 2071 331 2114 uam
355 2049 457 2116 etiam
480 2049 568 2136 apud
591 2049 675 2116 alios
701 2050 764 2115 duo
787 2049 972 2120 iamborum
988 2050 1069 2117 libri
1084 2057 1394 2120 commemorentur.

257 2181 313 2226 eos
343 2157 466 2224 Suidae
497 2159 670 2245 catalogos
703 2159 745 2226 ad
779 2158 942 2226 editiones
974 2160 1131 2247 antiquas
1164 2161 1277 2229 redire
1310 2161 1395 2228 satis

254 2268 370 2334 multis
395 2268 554 2355 exemplis
579 2272 723 2334 constat.
769 2267 906 2334 eandem
928 2268 1035 2354 igitur
1059 2269 1240 2337 editionem
1262 2277 1395 2358 spectat

255 2377 451 2445 Athenaeus
476 2377 533 2465 qui
566 2377 650 2443 frll
676 2379 706 2441 ἐν
731 2377 756 2464 β’
780 2377 895 2464 ἰάμβων
918 2378 987 2464 legi
1010 2379 1146 2446 exhibet
1163 2383 1198 2446 et
1211 2379 1394 2450 Antiattic.

256 2509 307 2574 ap.
325 2486 431 2553 Bekk.
449 2487 536 2552 aml
557 2487 614 2574 qui
636 2487 671 2553 fr
689 2487 730 2552 35
754 2486 804 2553 ita
826 2486 976 2574 profert:
1000 2489 1076 2573 Σημ.
1102 2489 1243 2575 δεοτέρωι
1256 2488 1303 2572 ¹⁰).
1345 2513 1395 2556 ce·

255 2596 341 2663 teris
370 2596 453 2662 loeis
482 2619 550 2662 non
584 2595 722 2662 eandem
752 2596 938 2663 invenimus
967 2598 1229 2665 accurationem:
1263 2599 1293 2662 ἐν
1324 2598 1395 2684 ἰάμ-

257 2710 317 2793 βοις
345 2705 469 2772 iterum
502 2706 692 2794 iterumque
714 2704 842 2792 legitur
865 2705 968 2773 velut
984 2728 1035 2794 ap.
1060 2707 1273 2775 Athenaeum
1305 2709 1394 2791 (fre

256 2820 307 2903 sq)
341 2816 545 2902 Harpocret.
572 2816 637 2898 (37)
673 2815 773 2881 schol.
798 2815 881 2880 Eur.
899 2815 964 2898 (10)
997 2815 1194 2903 Etymolog.
1219 2817 1286 2900 (18)
1321 2817 1395 2884 Cle·

255 2928 355 2992 ment.
379 2922 435 2990 Al.
461 2925 535 3008 (16).
583 2923 663 3012 quid
692 2923 821 3009 igitur?
864 2925 1003 3012 praeter
1033 2925 1159 3012 elegias
1183 2925 1300 3013 ἰάμβων
1330 2926 1393 2992 duo

258 3033 340 3101 libri
362 3034 398 3100 in
420 3033 568 3100 editione
590 3033 825 3100 Alexandrina
848 3033 1048 3101 extiterunt.

340 3145 381 3210 In
404 3143 616 3230 Hipponaete
638 3143 862 3211 vetustiorem
891 3142 1019 3209 citandi
1049 3166 1144 3209 usum
1176 3143 1395 3231 deprehendi-

254 3275 326 3319 mus
350 3251 438 3340 apud
462 3251 725 3340 Aristophanem
747 3253 833 3320 Rau.
850 3252 911 3318 661
948 3274 1012 3339 quo
1041 3252 1113 3319 loco
1137 3253 1323 3339 Dionysius
1346 3253 1395 3320 di·

256 3363 303 3428 cit
325 3359 431 3448 ίαμβον
451 3359 656 3434 Ἱππώνακτος
680 3363 941 3446 ἀνεμιμνησκόμην
964 3361 1022 3448 qui
1043 3363 1157 3429 tamen
1172 3361 1299 3429 Ananii
1321 3385 1395 3430 esse

254 3471 401 3537 videtur.
457 3493 563 3558 neque
591 3471 733 3537 metrica
754 3470 931 3537 Heliodori
961 3470 1013 3553 (21
1028 3470 1071 3554 A)
1104 3466 1397 3557 significetio‘lnu.

255 3578 352 3644 πολλὰ
374 3581 490 3667 παρέβη
513 3587 572 3645 τῶν
596 3581 767 3667 ὡρισμένων
791 3581 822 3643 ἐν
843 3582 902 3652 τοῖς
919 3578 1036 3666 ἰάμβοις
1054 3578 1234 3647 editionem
1249 3581 1396 3648 Alexan·

256 3689 386 3756 drinam
410 3692 551 3778 spectat.
597 3689 686 3777 apud
709 3689 856 3777 reliquos
880 3691 993 3756 autem
1015 3687 1098 3755 item
1119 3688 1306 3757 invenimus
1330 3690 1396 3775 ἰάμ-

257 3829 302 3836 ...-

258 3887 358 3939 sariam
378 3885 463 3940 fuisse
482 3888 603 3955 negavit)
633 3902 700 3955 ques
729 3893 795 3940 nota
821 3886 870 3939 illa
889 3885 1103 3954 Hephaestionis
1128 3884 1299 3953 aliorumque
1318 3885 1395 3939 testi·

260 3980 351 4033 monia
379 3981 545 4048 respiciunt,
580 3981 608 4034 id
634 3980 705 4048 quod
734 3982 816 4033 etiem
843 3979 947 4034 Dielsio
972 3994 1132 4047 persuasum
1158 3989 1221 4032 esee
1243 3986 1327 4048 puto;
1366 3979 1399 4034 de

257 4075 346 4140 poetis
366 4074 434 4141 ipsis
454 4074 535 4142 plane
554 4075 660 4127 incerta
679 4090 723 4128 res
743 4082 792 4127 est.

331 4168 475 4234 {licentra
504 4184 551 4222 cur
571 4150 711 4222 ¹Simonidi
744 4174 793 4220 τῶι
820 4165 941 4219 ἐποποιῶι
968 4163 1156 4219 Alexandrino
1184 4165 1233 4219 illa
1258 4167 1398 4239 τριμέτρων

259 4261 340 4331 βίβλια
360 4262 374 4332 β
394 4277 453 4314 cum
473 4261 591 4329 Bergkio
611 4248 802 4316 abiudicentur
822 4275 875 4313 non
894 4256 972 4311 video
992 4273 1110 4312 causam.

318 4356 360 4424 10)
379 4355 482 4423 prioris
501 4356 566 4409 libri
585 4372 726 4410 nnmerum
746 4355 832 4408 latere
851 4351 944 4421 polam
964 4360 1005 4405 est
1032 4353 1059 4404 in
1079 4351 1217 4424 Porphyri
1245 4354 1335 4408 verbis
1363 4354 1398 4408 ab

257 4448 378 4504 Eusebio
398 4451 515 4503 servatis
535 4450 574 4517 (6)
594 4450 618 4502 ἐν
637 4457 685 4505 τῶι
704 4449 840 4503 interdum
858 4462 890 4500 eo
909 4445 989 4500 modo
1009 4447 1148 4514 corruptis
1166 4454 1197 4501 ut
1215 4455 1263 4501 τῶι
1281 4449 1306 4500 α’
1325 4447 1355 4518 (i.
1374 4463 1398 4502 e.

258 4543 374 4617 πρῶτοι)
394 4542 465 4599 falso
484 4544 524 4598 sic
542 4552 580 4603 τῶ
601 4542 633 4600 ια’
652 4544 819 4606 scriberetur
839 4540 921 4610 (corr.
939 4539 1125 4610 Welckerns).
