3186 5106
789 269 939 356 αι’

242 465 418 533 Εενοκὸὅθ
450 463 648 552 SophAnl.
668 465 751 531 1026
784 465 838 532 Ai.
865 465 948 531 1156
979 464 1060 530 Eur.
1092 471 1230 553 quater,
1266 469 1385 555 poshea

242 577 331 666 apud
353 576 501 642 Aratum
526 574 619 641 1073.

329 685 559 771 ἀνταμείβομαι]
586 687 724 752 κοτίνοιο
748 686 837 773 apud
868 685 1041 754 Archlihs
1077 685 1282 773 rependendi
1316 687 1385 755 vim

240 800 342 866 habai
357 796 405 860 τὸν
425 802 524 867 κακῶς
542 819 578 880 με
594 798 709 881 δρῶντα
728 793 842 860 δεινοῖέ
864 795 1096 882 ἀνταμείβεσθαι
1113 798 1223 879 κακοῖς,
1243 819 1385 864 commu·

239 909 337 975 ‘candi
351 908 406 976 741
431 908 500 972 ὅταν
525 907 641 990 ὃελρῖσι
668 905 759 990 θῆρες
775 906 1015 992 ἀνταμείψωνται
1029 903 1119 990 νομάν
1135 904 1261 970 ἐνάλιον.
1294 908 1384 995 apud

240 1021 422 1086 Homerum
449 1015 577 1102 legitur
610 1015 751 1081 verbum
784 1013 927 1102 simplex
961 1015 1123 1101 ἀμείβομαι
1158 1015 1383 1104 respondendi

239 1129 376 1196 notione
398 1126 539 1211 insigne,
564 1124 604 1191 da
628 1123 720 1190 cuius
744 1148 806 1192 usu
822 1149 853 1192 v.
866 1124 1088 1192 Rulherford.
1108 1125 1143 1191 in
1158 1125 1254 1194 Novo
1272 1126 1381 1213 Phry-

239 1237 448 1307 nich01871:
473 1233 587 1300 eadem
605 1233 741 1300 notione
761 1227 1028 1302 ulitur'verbum
1052 1235 1271 1322 ἀνταμείβομαι
1293 1236 1383 1325 apud

239 1346 364 1415 Herod.
378 1344 484 1411 1Χ79
510 1343 702 1430 ἀνταμείβετο
718 1343 829 1407 τοισίόε
845 1350 880 1411 εί
896 1342 1007 1411 tribus
1025 1343 1200 1432 Sophoclis
1217 1349 1380 1433 quaituor

154 1487 157 1495 ·
238 1453 412 1543 Euripidis
436 1451 534 1519 locis:
564 1451 652 1539 apud
674 1451 811 1519 Atticos
836 1452 967 1519 omnino
990 1475 1056 1520 non
1078 1453 1216 1540 legitur.
1262 1459 1381 1523 contra

238 1565 430 1652 Aeschylus
454 1560 693 1628 Archilochum
719 1561 873 1629 imitatus
897 1566 950 1629 esi

283 1676 375 1762 Sept.
389 1673 474 1738 1049
497 1673 604 1736 παθὼν
626 1675 727 1743 κακῶς
749 1674 882 1736 κακοῖσιν
906 1673 1108 1760 ἀντημείβετο.

285 1785 365 1851 Cho.
376 1783 437 1848 123
455 1788 517 1854 πῶς
534 1781 559 1844 δ’
569 1781 603 1844 οὐ
617 1781 673 1866 (sc.
687 1780 810 1868 εὐσεβῆ)
823 1779 870 1845 τὸν
884 1782 994 1869 ἐχθρὸν
1011 1782 1247 1872 ἀνταμείβεσθαι
1261 1784 1379 1866 κακοῖς;

238 1891 375 1958 Atticos
399 1888 461 1954 hac
482 1909 563 1954 voce
586 1909 664 1954 usos
689 1909 762 1953 esse
785 1910 852 1954 non
874 1888 1058 1956 verisimile
1082 1893 1145 1971 est,
1169 1887 1302 1957 etiamsi
1315 1888 1378 1955 Ar.

239 2001 369 2068 Thesm.
383 1998 447 2064 723
471 1997 554 2064 dicii
578 1997 825 2083 ἀνταμειψόμεθα
848 1991 873 2060 σ’
900 2047 905 2060 .
930 2049 937 2062 .
962 1997 1026 2063 ἀντὶ
1048 2001 1157 2080 τῶνδε,
1188 2021 1260 2064 cum
1282 2019 1377 2086 prae·

238 2120 334 2178 terea
356 2132 422 2175 non
445 2108 592 2194 legatur.
638 2105 727 2193 apud
758 2106 968 2174 Herodotum
998 2107 1086 2175 idem
1116 2108 1210 2175 valet
1239 2107 1380 2196 simplex

238 2220 308 2286 141
345 2219 380 2284 in
414 2217 568 2284 oratione
603 2217 734 2302 ὀφείλεις
764 2217 836 2302 ἐμεῦ
874 2220 1109 2303 προποιήσαντος
1138 2216 1256 2304 χρηστά
1288 2216 1317 2290 ἔς
1347 2241 1380 2280 σε

236 2329 393 2417 χρηστοῖσί
417 2353 453 2412 με
477 2327 665 2413 ἀμείβεσθαι.

324 2437 495 2523 ἀποθρίζω]
519 2435 622 2501 Arch.
637 2436 700 2501 138
722 2433 784 2508 ἶνας
813 2435 845 2500 δέ
877 2437 991 2522 μεδέων
1023 2439 1193 2523 ἀπέθρισεν.
1240 2438 1380 2506 κοτίνοιο

237 2549 326 2637 apud
357 2554 445 2633 trag.
478 2569 545 2611 non
574 2545 702 2631 legitur
729 2545 795 2612 nisi
825 2547 914 2633 apud
938 2547 1030 2629 Eun,
1055 2546 1112 2634 qui
1135 2569 1173 2613 eo
1201 2546 1381 2612 Heu1204

236 2662 329 2745 κόμας
347 2711 353 2724 .
373 2710 378 2722 .
398 2658 561 2743 ἀπέθρισας
591 2656 648 2722 Or.
664 2656 727 2721 128
750 2656 910 2741 ἀπέθρισεν
934 2657 1037 2742 τρίχας
1060 2680 1139 2722 usus
1164 2660 1234 2740 esi3
1259 2680 1290 2724 v.
1306 2655 1381 2722 uhe-

237 2791 356 2844 saurus
381 2771 415 2834 el
440 2765 616 2833 Schulzius
633 2787 686 2851 qu.
704 2787 754 2852 cp.
768 2765 834 2834 644.
881 2765 968 2832 addo
987 2765 1227 2832 Callimachum
1243 2766 1279 2831 in
1295 2765 1328 2832 fr
1343 2765 1380 2831 in

234 2880 291 2945 Ec.
316 2878 399 2944 Gen.
424 2879 563 2943 servato
595 2873 895 2962 (Reitzensteinius
919 2876 986 2941 ind.
1002 2875 1079 2944 lect.
1097 2876 1258 2943 Rosloch.
1277 2875 1375 2953 90191

235 3013 256 3076 p
271 2989 324 3057 129
349 2985 433 3052 Mill.
446 2985 536 3051 misc.
552 2984 606 3071 θθ)
629 2985 708 3048 κεῖθι
730 2982 787 3070 γάρ
808 2987 845 3048 ὧι
868 2983 905 3048 τά
921 2992 1027 3070 γονῆος
1045 2986 1204 3071 ἀπέθρισεν
1222 2983 1376 3073 (uu-sulm)

235 3102 294 3163 κτλ.
319 3099 422 3163 verbo
445 3096 480 3160 in
503 3093 617 3160 eadem
640 3116 678 3160 re
701 3115 766 3180 qua
788 3093 1029 3161 Archilochum
1052 3118 1148 3162 usum
1171 3117 1254 3162 esse.

322 3207 429 3292 αάἀνη]
452 3204 555 3271 Arch.
570 3203 633 3269 125
656 3205 750 3287 κακήν
774 3228 843 3290 σφιν
868 3203 946 3279 Ζεὺς
976 3203 1088 3268 ἔδωκεν
1120 3205 1229 3291 αάόνην
1258 3225 1379 3270 nomen

234 3318 393 3403 ξηρότητος
416 3317 469 3381 est
500 3313 569 3401 (Et.
586 3312 668 3380 Gen.
683 3312 734 3378 Fl.
750 3336 774 3380 s.
788 3313 843 3400 v.)‚
877 3313 965 3380 sicui
995 3313 1116 3382 Aesch.
1130 3313 1226 3380 Eum.
1242 3313 1306 3380 327
1336 3312 1379 3378 de

232 3426 400 3511 Erinyum
424 3429 525 3490 cantu
548 3421 631 3489 dicit
651 3422 739 3508 ὕμνος
755 3424 784 3494 ἐξ
809 3421 949 3508 Ἐρινύων
968 3475 972 3486 .
991 3473 997 3486 .
1015 3422 1109 3488 αὐονά
1132 3425 1255 3511 βροτοῖς,
1280 3443 1377 3510 quem

232 3531 341 3599 locum
375 3527 475 3596 schol.
511 3527 659 3614 explicat
693 3530 708 3591 ὁ
742 3528 887 3614 ξηραίνειν
921 3527 988 3601 τοὺς
1030 3528 1161 3614 βροτούς.
1207 3527 1375 3614 clangoris

232 3663 351 3707 nomen
374 3646 427 3706 est
443 3637 529 3705 Sem.
543 3637 591 3707 7οο
615 3659 680 3725 quo
704 3638 776 3705 loco
800 3637 840 3704 dc
864 3637 989 3706 femina
1006 3637 1135 3724 legitur
1151 3661 1168 3705 e
1184 3659 1265 3704 cone
1283 3637 1376 3703 facta

233 3749 379 3837 ἄπρηκτον
405 3747 512 3834 αὐονίην
537 3747 610 3835 ἔχει,
635 3748 665 3814 si
687 3747 821 3835 quidem
844 3751 936 3815 recha
959 3747 1136 3815 traditum.

317 3859 438 3944 γαῦρος]
463 3857 566 3924 Areh.
580 3857 636 3926 582
660 3856 776 3924 ducem
800 3856 883 3923 dicii
907 3857 1095 3944 βοστρύχοισι
1118 3861 1237 3943 γαῦρον.
1270 3860 1374 3924 etra-

230 3966 312 4056 gicis
336 3967 446 4056 poetis
470 3991 555 4032 unus
579 3964 759 4052 Euripides
794 3989 875 4034 voce
907 3989 988 4033 usus
1021 3970 1074 4034 esi
1105 3989 1164 4034 sex
1194 3966 1268 4034 fere
1291 3965 1373 4032 locis

229 4080 264 4144 in
307 4078 426 4165 quibus
457 4074 572 4163 Suppl.
590 4075 653 4142 862
693 4075 786 4163 ὄλβιοι
822 4081 931 4162 γαῦρος
964 4075 1108 4144 Philocu.
1132 4076 1167 4142 fr
1183 4077 1248 4142 788
1286 4075 1372 4140 οὐδὲν

229 4187 285 4274 *scip
317 4187 395 4251 οὕτω
427 4190 535 4271 γαῦρον
569 4179 610 4256 ὡς
641 4184 716 4270 ἀνὴρ
748 4184 813 4271 ἔρα.
859 4208 974 4254 vocem
996 4185 1058 4251 Ar.
1071 4186 1167 4252 Ram.
1181 4185 1245 4250 282
1277 4207 1370 4271 repe·

228 4294 312 4364 tivit
334 4297 369 4360 in
392 4293 592 4360 Philocteuis
617 4292 681 4360 loci
705 4293 864 4380 parodia:
900 4293 985 4359 οὐδέν
1009 4293 1065 4380 γὰρ
1090 4295 1151 4358 ὧδε
1173 4295 1282 4380 γαῦρόν
1306 4291 1388 4358 ἐσθ’·

229 4410 269 4478 ὡς
289 4400 456 4490 Ἡρακλῆς.
502 4402 591 4491 apud
613 4403 778 4490 genuinae
802 4404 966 4472 Atthiuos
990 4408 1098 4472 uestes
1121 4426 1188 4471 non
1209 4403 1349 4490 legitur.

250 4563 251 4568 ι
314 4514 483 4602 anappum]
505 4513 678 4585 Arch.87s
703 4515 732 4579 ἐν
757 4522 810 4578 τῶι
833 4513 890 4605 (so.
915 4512 1026 4604 πάγαι)
1056 4512 1193 4601 κάθημαι
1225 4513 1280 4601 σὴν
1303 4514 1370 4577 ela-
