3186 5106
670 289 811 371 '83

217 479 340 546 παθέων
357 477 495 567 ἀμοιβάν.
534 479 673 546 ultionis
691 479 799 566 igitur
815 479 883 547 vim
905 479 967 546 hoc
989 479 1062 547 loco
1085 479 1196 564 hahet,
1223 478 1360 548 eandem

216 590 365 656 fortasse
386 589 475 678 apud
490 589 739 655 Archilochum.
941 587 1055 656 Etiam
1077 590 1137 656 has
1162 613 1260 657 voces
1284 591 1362 658 addi

215 698 326 782 liceat,
352 697 444 766 euius
468 698 569 766 testis
593 697 722 766 accedit
746 697 926 786 Sophocles
951 699 1006 765 vel
1028 698 1227 787 Euripides:

305 808 447 895 ἐργάτης]
471 831 588 876 nomen
613 807 783 894 agricolae
807 808 949 894 vulgare
974 811 1035 891 est,
1060 809 1149 897 apud
1172 809 1298 876 Herod.
1312 811 1364 879 IV

218 918 359 987 loovo
382 924 472 1005 trag.
496 917 634 1008 Atticos
670 922 705 984 et
738 917 773 982 in
795 925 892 1004 αοινῆι
916 917 991 1004 (ΝΤ
1015 918 1112 982 LXX
1136 919 1222 1004 cet).
1269 943 1363 1008 prae-

216 1030 313 1094 terea
336 1026 431 1101 bovis
457 1027 643 1094 aliorumve
668 1027 861 1093 animalium
884 1050 1066 1114 cognomen
1090 1031 1161 1094 est:
1186 1029 1288 1094 Arch.
1307 1031 1361 1099 391

221 1141 289 1224 βοῦς
319 1139 396 1202 ἐστιν
426 1140 497 1224 ἡμῖν
529 1137 655 1224 ἐργάτης
686 1138 715 1200 ἐν
741 1137 840 1222 οἰκίην.
886 1137 968 1204 item
990 1159 1042 1224 ap.
1066 1135 1166 1224 Soph.
1184 1137 1218 1203 fr
1231 1137 1307 1208 1383
1321 1139 1363 1206 N.

220 1247 357 1334 (satyr.)
383 1251 452 1334 βοῦς
475 1246 601 1333 ἐργάτης
632 1247 790 1334 ἐργάζὲται
819 1252 854 1314 et
877 1246 912 1312 in
934 1253 1046 1331 κοινῆιτ
1077 1245 1197 1332 Polyb.
1210 1247 1266 1312 III
1278 1248 1365 1331 93,4

218 1358 350 1443 ἐργατῶν
376 1359 463 1444 βοῶν.
503 1356 652 1437 Aristot.
676 1379 791 1423 vocem
813 1356 848 1422 in
871 1354 1013 1422 nominis
1037 1379 1133 1422 usum
1156 1356 1265 1423 vertit
1285 1357 1316 1424 h.
1332 1380 1362 1424 a.

217 1466 303 1534 627b
316 1467 358 1532 38
375 1467 460 1542 628a
472 1467 502 1533 2.

304 1578 440 1660 στυγνός]
464 1575 624 1642 Arch.80
657 1575 767 1662 φιλέειν
801 1576 921 1658 στυγνόν
952 1599 1006 1660 περ
1039 1576 1135 1641 ἐόντα.
1181 1598 1249 1644 vox
1275 1577 1365 1664 apud

60 1759 67 1769 ι
178 1719 181 1724 -
217 1683 338 1750 Aesch.
365 1691 400 1750 et
423 1682 523 1770 Soph.
560 1682 670 1770 quinis
705 1682 788 1765 fere,
824 1683 914 1770 apud
945 1683 1027 1749 Eur.
1053 1683 1241 1770 quindecim
1280 1685 1363 1751 locis

219 1796 325 1871 extat,
351 1796 532 1882 praeterea
555 1792 644 1879 apud
666 1792 932 1880 Xenophontem.
979 1791 1068 1879 apud
1091 1794 1228 1861 Atticos
1258 1794 1363 1862 deest.

219 1906 339 1975 contra
355 1903 390 1968 in
405 1909 500 1988 κοινῆι
523 1901 715 1970 invenitur:
739 1900 836 1966 LXX
851 1901 917 1968 les,
931 1903 999 1972 5712
1014 1900 1092 1990 Sap.
1107 1902 1180 1986 17⁶5
1206 1905 1364 1989 οτυγνότης
1463 1904 1465 1906 ’

220 2012 350 2099 legitur
373 2011 462 2099 apud
486 2011 617 2098 Polyb.
644 2009 798 2094 οτορνὰζω
823 2010 885 2076 ΝΤ
899 2014 962 2077 cet.

652 2252 935 2266 Ἣ

307 2441 413 2521 Plura
436 2447 516 2510 sunt
540 2465 579 2510 ea
602 2443 765 2511 vocabula
787 2464 872 2530 quae
896 2446 931 2508 et
954 2442 989 2507 in
1011 2442 1093 2510 Iade
1117 2450 1151 2510 et
1174 2443 1209 2509 in
1231 2444 1365 2530 tragica

221 2553 315 2641 poesi
338 2553 394 2620 vel
417 2553 505 2640 apud
521 2553 697 2620 Platonem
714 2553 1035 2638 Xenophontemque
1050 2552 1221 2638 leguntur,
1246 2558 1366 2620 contra

210 2659 309 2750 ¹apud
331 2663 497 2750 genuinae
520 2663 685 2729 Atthides
709 2663 894 2749 scriptores
911 2685 977 2727 non
993 2662 1221 2729 inveniuntur.
1256 2663 1365 2751 primo

220 2771 293 2838 loco
325 2794 365 2840 ea
394 2796 490 2859 pono,
524 2795 608 2860 quae
642 2779 780 2860 praeter
804 2771 895 2860 lada
910 2793 977 2838 non
1005 2771 1071 2838 nisi
1103 2772 1193 2858 apud
1214 2773 1365 2859 tragicos

220 2885 349 2950 extant.
808 2952 810 2956 .

310 2991 459 3079 ἄκομψον]
486 2991 634 3076 Hesych.
659 2989 808 3077 (cfSuid.
823 3013 847 3058 s.
867 2989 907 3075 ν.)
937 2991 1085 3076 glossam
1109 2989 1365 3060 Archilocheam

223 3100 285 3166 158
309 3101 462 3168 servavit
486 3099 621 3187 ἄκομψον
645 3121 743 3188 quam
766 3099 914 3187 explicat
938 3099 1122 3186 ἀπάνουργον
1147 3101 1266 3164 ἁπλοῦν.
1314 3123 1367 3167 ea·

221 3209 295 3276 dem
325 3209 437 3277 utitur
460 3209 662 3297 EumHipp.
676 3210 739 3276 986
772 3211 833 3292 ἐγὼ
867 3212 891 3272 δ’
908 3207 1040 3296 ἄκομψος
1074 3211 1114 3282 εἰς
1145 3210 1234 3296 ὄχλον
1266 3213 1368 3274 δοῦναι

221 3321 319 3403 λόγον,
345 3342 440 3407 quem
460 3323 579 3384 auctor
596 3318 722 3385 Christ.
737 3318 811 3384 Pal.
826 3319 890 3394 262
914 3317 1047 3404 ἄκομψος
1068 3320 1202 3406 ἐκφέρειν
1221 3321 1367 3404 μυστήρια

221 3430 355 3495 secutus
380 3431 443 3495 est.
485 3451 600 3494 vocem
623 3449 707 3514 quae
731 3426 820 3513 apud
843 3426 927 3492 alios
951 3451 1018 3494 non
1040 3427 1168 3513 legitur
1184 3427 1366 3514 Euripides

222 3561 264 3604 ex
287 3537 490 3604 Archilocho
513 3540 687 3604 mutuatus
712 3559 786 3604 esse
808 3535 955 3602 videtur.

310 3645 602 3732 druursvmlArch.
617 3647 650 3716 92
679 3647 763 3718 ἕλκος
787 3646 993 3730 ἀναοτένομεν.
1039 3645 1116 3712 inde
1148 3647 1189 3712 ab
1219 3647 1367 3713 Homero

222 3756 352 3823 usitata
371 3760 470 3823 erant
486 3758 591 3823 verba
607 3755 801 3842 ἀναστενάχω
822 3755 1056 3842 ἀναστεναχίζω,
1083 3779 1146 3842 quo
1163 3758 1202 3820 ut
1217 3755 1368 3842 pedestri

224 3865 371 3933 orationi
394 3865 557 3952 adaptato
583 3864 685 3933 etiam
709 3864 919 3931 Herouroo
943 3863 1179 3935 ἀναστενάξαντα
1202 3888 1282 3929 usus
1305 3869 1368 3931 est.

225 3975 376 4040 ἀναστένω
400 3974 490 4062 apud
512 3973 662 4060 tragicos
687 3974 777 4041 solos
807 3973 942 4061 (Aesch.
967 3973 1067 4061 Soph.
1092 3973 1178 4040 binis
1203 3974 1284 4040 Eur.
1310 3996 1369 4039 sex

219 4084 315 4172 locis)
340 4087 375 4151 et
399 4083 512 4172 Apoll.
526 4084 568 4150 R.
582 4085 599 4150 l
613 4084 698 4150 1138
721 4087 827 4151 extat.

311 4193 453 4280 ἄνολβος]
485 4193 569 4260 item
603 4194 693 4281 apud
725 4197 844 4281 poetas
880 4194 969 4260 solos
1003 4193 1141 4280 legitur.
1199 4192 1301 4258 Arch.
1327 4193 1369 4258 60

224 4305 346 4391 στρατόν
370 4303 453 4370 dicit
477 4301 611 4390 ἄνολβον.
647 4303 857 4370 Herod.185
881 4302 1053 4370 oraculum
1075 4303 1178 4369 affert
1193 4302 1234 4368 de
1252 4302 1370 4370 Croesi

222 4413 292 4491 filio
316 4413 434 4484 datum
459 4413 585 4498 αὐδήσει
608 4414 638 4476 ἐν
662 4414 754 4497 ἤματι
777 4420 893 4498 πρῶτον
918 4414 1057 4500 ἀνόλβιοι.
1103 4434 1144 4477 ne
1174 4411 1210 4478 in
1237 4412 1370 4497 tragica

224 4523 359 4620 quidem
390 4522 484 4618 poesi
520 4533 602 4622 vox<
618 4524 739 4620 erebra
767 4523 851 4622 luit:
886 4545 963 4590 nam
984 4521 1113 4609 legitur
1137 4521 1226 4616 apud
1248 4520 1370 4588 Aesch.

1105 4630 1150 4695 6*
