3186 5106
781 389 823 454 37

227 559 370 648 ἐξέφυγόν
393 563 455 628 ντλ.
488 562 678 631 confudisse
713 563 859 635 videtur.
914 587 1020 654 neque
1050 588 1131 634 vero
1154 566 1235 636 licet
1259 567 1373 636 verbis

228 671 297 740 illis
321 671 447 758 τρωθείς
470 697 511 745 τις
535 674 564 737 ἐν
590 674 724 758 πολέμων
740 674 795 740 ὑπὸ
820 676 907 762 φίλου
931 675 991 762 ἔφη
1014 676 1050 742 in
1064 675 1298 747 Archilocheis
1322 679 1376 743 οὐκ

228 782 342 845 ἐθέλων
367 782 632 870 interpretandis
655 784 723 867 uti,
760 785 855 873 quasi
876 771 978 874 poeta
1009 788 1060 853 ab·
1081 787 1235 855 hostibus
1259 789 1373 858 vulne-

227 895 323 960 ratus
349 915 388 958 ea
411 892 551 960 dixerit:
576 892 629 960 cui
645 894 834 975 sententiae
857 895 1089 963 contradicere
1112 896 1259 981 ridetur,
1284 897 1372 986 quod

226 1024 333 1090 neque
353 1001 395 1067 iis
412 1002 503 1085 locis,
529 1003 647 1090 quibus
663 1009 805 1092 propter
821 1013 951 1073 scutum
973 1005 1139 1073 abiectum
1155 1007 1373 1094 vituperatur

227 1109 380 1199 poeta²⁸)
401 1135 508 1199 neque
530 1111 619 1199 apud
635 1111 825 1180 imitatores
835 1113 873 1197 ἐξ)
897 1115 1040 1182 vulnera
1061 1119 1372 1198 commemorantur,

227 1221 270 1287 ad
300 1243 381 1310 quos
416 1221 578 1289 accedunt
608 1225 712 1289 verba
740 1245 824 1310 quae
856 1223 891 1288 in
921 1223 1023 1290 schol.
1048 1223 1304 1291 aaronitae
1326 1226 1372 1294 le·
1430 1237 1434 1244 '

225 1333 372 1416 guntur:
404 1328 574 1418 Ἀρχίλοχος
599 1331 776 1417 φοβηθεὶς
801 1331 902 1418 ἔφυγε.
941 1331 1028 1396 αὑτὸν
1052 1331 1102 1396 οὖν
1120 1331 1372 1418 propitiant)

226 1438 306 1523 λέγει
328 1442 389 1505 κτλ.
485 1443 599 1507 tamen
618 1440 790 1528 scriptura
814 1440 900 1514 αὐτὸς
924 1444 949 1504 δ’
965 1441 1109 1524 ἐξέφυγον
1135 1441 1264 1507 θανάτου
1288 1443 1370 1515 τέλος

227 1549 330 1616 alteri
352 1548 451 1637 ψυχὴν
477 1544 502 1613 δ’
520 1549 674 1621 ἐξεσάωσα
697 1549 922 1637 praeferenda
955 1573 1027 1617 esse
1051 1533 1196 1618 videtur.
1243 1573 1320 1618 nam
1343 1551 1372 1618 si

224 1658 366 1745 legimus
390 1659 488 1746 ψυχὴν
514 1663 539 1724 δ’
561 1659 734 1731 ἐξεσάωσα·
758 1660 785 1723 τί
809 1686 858 1744 μοι
883 1660 965 1745 μέλει
988 1659 1075 1732 ἀσπὶς
1098 1660 1215 1746 tratum
1250 1661 1370 1747 ἐρρέτω,

226 1790 264 1835 eo
289 1768 502 1853 offendimus
528 1770 617 1857 quod
640 1771 750 1856 ἐρρέτω
774 1770 903 1837 nullum
924 1770 997 1838 fere
1019 1771 1161 1858 praebet
1184 1769 1373 1838 sententiae

226 1901 457 1966 progressum
483 1901 567 1967 quae
585 1879 710 1967 optime
726 1879 880 1967 procedit
894 1880 957 1946 hoc
972 1878 1069 1946 modo
1087 1879 1174 1952 αὐτὸς
1191 1883 1216 1942 δ’
1229 1879 1373 1964 ἐξέφυγον

228 1987 358 2053 θανάτου
389 1989 480 2073 τέλος,
518 1988 605 2062 ἀσπὶς
629 1989 727 2074 ἐκείνη
760 1989 887 2075 ἐρρέτω·
919 1988 970 2054 ita
993 1988 1096 2055 etiam
1118 2010 1191 2056 cam
1213 2012 1371 2056 versuum

227 2097 492 2166 coniunctionem
516 2098 733 2186 (Archilocho
757 2099 972 2167 usitatiorem
995 2121 1093 2186 quam
1117 2098 1238 2166 ceteris
1262 2103 1301 2166 ut
1324 2098 1372 2166 vi-

225 2207 339 2292 detur)
368 2229 550 2292 servamus,
582 2231 665 2298 quae
689 2208 766 2276 inde
789 2208 933 2275 efficitur
960 2208 1048 2296 quod
1080 2207 1268 2275 sententiae
1295 2207 1372 2275 finis
1426 2277 1427 2282 ,

224 2317 260 2383 in
290 2317 371 2386 novi
403 2341 522 2387 versus
544 2318 679 2386 initium
703 2319 873 2396 ¹traicitur
885 2318 934 2404 81).
988 2318 1176 2386 sententiae
1201 2318 1309 2404 igitur
1333 2341 1371 2385 eo

222 2428 318 2494 modo
343 2449 416 2495 sese
439 2428 619 2516 excipiunt,
645 2434 682 2496 ut
706 2430 808 2493 ἀσπίδι
831 2431 866 2514 ἢν
890 2421 1032 2494 κάλλιπον
1049 2433 1239 2517 opponatur
1263 2425 1370 2501 αὐτὸς
1464 2413 1466 2416 ’

223 2540 248 2601 δ’
265 2538 407 2624 ἐξέφυγον
430 2541 490 2604 κτλ.
516 2560 581 2626 qua
603 2560 684 2605 voce
708 2538 794 2604 illud
817 2537 903 2610 ἀσπὶς
927 2539 1024 2624 ἐκείνη
1051 2538 1127 2605 elici
1149 2537 1298 2605 videtum

309 2648 367 2718 214
387 2647 533 2716 alteram
555 2649 631 2734 ἀμφ’
650 2646 771 2734 Ἀνίρνος
797 2648 866 2734 ‘porte
891 2648 1096 2736 scripturam
1118 2647 1304 2733 aBerglrio
1329 2671 1370 2714 ex

221 2756 392 2842 Hesychio
416 2756 566 2825 adlatam
590 2779 867 2824 commemorasse
892 2757 1045 2824 sufficiat.

309 2867 365 2935 583
390 2866 467 2931 ἀλλά
493 2893 542 2953 μοι
566 2869 686 2952 σμικρός
709 2892 751 2939 τις
775 2863 823 2952 εἴη
845 2865 896 2930 καὶ
918 2865 984 2952 περὶ
1007 2868 1122 2950 ’κνήμας
1146 2865 1217 2929 ἰδεῖν
1239 2864 1242 2949 λ
1264 2865 1371 2950 potede,

224 2977 387 3062 ἀσφαλέως
411 2977 547 3064 βεβηκὼς
570 2976 668 3054 ποσσί,
691 2976 815 3061 καρδίης
831 2977 927 3048 πλέος.
964 2975 1015 3043 ita
1028 2974 1151 3042 Galeni
1167 2981 1201 3040 et
1213 2972 1373 3039 Erotiani

223 3089 341 3154 auctor
365 3107 484 3152 versus
510 3085 622 3152 affert.
659 3086 771 3152 altera
796 3085 968 3174 scriptura
992 3087 1090 3151 extat
1117 3082 1206 3171 apud
1228 3081 1370 3148 Dionem

225 3196 303 3263 Chr.
320 3197 337 3261 I
352 3197 455 3262 302A
468 3195 526 3283 qui
537 3195 692 3262 versibus
711 3196 739 3261 1.
755 3197 775 3260 2
792 3195 908 3262 allatis
923 3194 1084 3261 liberiore
1097 3193 1193 3259 modo
1205 3191 1370 3280 loquitur:

219 3306 296 3371 ἀλλά
321 3331 378 3391 μοι,
403 3305 504 3392 φησίν,
530 3301 577 3390 εἴη

332 3417 448 3502 ῥαιβός,
474 3416 635 3503 ἀσφαλέως
661 3418 797 3504 βεβηκὼς
820 3415 871 3480 καὶ
894 3415 942 3479 ἐπὶ
967 3416 1123 3501 ratpotoni
1149 3411 1247 3486 δασύς.

223 3524 402 3614 Emperius
436 3525 522 3593 hanc
555 3524 745 3594 breviorem
776 3524 983 3615 scripturam
1015 3523 1194 3614 genuinam
1224 3519 1370 3612 putavit,

221 3726 428 3738 *n—

295 3870 341 3939 28)
361 3870 463 3926 Critias
474 3883 518 3941 ap.
529 3872 588 3926 Ael.
601 3889 624 3926 ν.
637 3872 663 3926 h.
674 3869 700 3924 X
712 3874 753 3940 13,
763 3869 834 3925 Plut.
845 3871 908 3924 inst.
920 3869 985 3924 Lac.
999 3872 1042 3925 34.

293 3967 341 4034 29)
360 3965 477 4021 Alcaeus
487 3969 529 4034 32,
541 3967 640 4021 Anacr.
654 3967 688 4021 28
699 3983 738 4037 sq,
748 3965 844 4020 Horat.
856 3982 878 4019 c.
888 3965 914 4019 11
924 3967 949 4032 7,
964 3965 1005 4018 ll.

293 4060 340 4130 30)
359 4060 432 4114 huno
449 4059 539 4114 locum
558 4061 724 4130 persimilem
745 4075 804 4116 esse
819 4061 925 4116 Critiae
945 4059 1035 4114 verbis
1055 4058 1370 4128 ap.Aelian.v.h.X13

220 4152 363 4209 Kaibelius
382 4154 410 4208 in
430 4161 545 4209 mentem
564 4163 652 4210 vocat.

295 4249 341 4318 31)
361 4248 402 4302 ita
421 4249 579 4303 hexameter
599 4266 659 4304 cum
679 4255 851 4318 pentametro
872 4247 1046 4314 coniungitur
1065 4249 1277 4317 2,3,949⁸102,
1296 4245 1373 4299 disti-

218 4342 288 4397 chon
307 4358 366 4397 cum
384 4342 502 4398 disticho
516 4344 544 4413 2,
556 4347 584 4414 9ὅ
595 4347 630 4415 9,.
653 4375 683 4384 -
707 4343 797 4397 altera
818 4342 960 4397 distinctio
975 4340 1120 4408 aBerghio
1135 4341 1279 4408 proposita
1293 4340 1317 4392 τί
1330 4357 1373 4409 μοι

222 4436 306 4508 μέλω;
327 4435 399 4497 ἀσπὶς
421 4438 501 4511 ἐκείνη
517 4437 609 4512 ἐρρέτω
624 4454 678 4493 non
688 4438 788 4493 bonum
801 4435 885 4492 efficit
900 4452 1023 4492 sensum:
1038 4434 1201 4503 permultum
1212 4433 1372 4488 Archilochi

219 4525 336 4587 interest
355 4547 385 4588 ae
407 4539 523 4589 mortem
540 4531 679 4606 effugisae;
701 4547 788 4606 neque
807 4532 841 4586 ad
861 4531 981 4606 priorem
1001 4529 1163 4587 sententiam
1176 4527 1275 4586 referri
1290 4543 1372 4606 posse

218 4624 335 4685 ridetur.
