3186 5106
813 336 834 416 2

253 514 390 607 Orusio,
417 525 475 613 qui
496 524 737 614 Archilochum
762 525 798 592 in
820 526 934 594 Paulli
961 529 997 594 et
1019 523 1208 595 Wissowae
1234 520 1398 613 Encyclc-

251 631 374 718 paedia
387 631 437 700 ita
452 633 629 718 tractavit,
653 637 693 700 ut
716 634 867 702 omnibus
885 634 952 702 iam
968 636 1010 702 ab
1033 634 1095 701 illa
1117 634 1397 703 commentatione

252 739 530 826 proficiscendum
565 742 611 810 sit
645 745 766 829 gratc,
802 750 841 812 ut
874 765 938 831 par
972 747 1042 826 est,
1082 742 1191 811 animo
1216 743 1397 812 nominatis

252 848 295 914 ad
317 849 425 937 ipsam
447 852 642 920 accedamus
667 853 708 920 de
732 852 805 920 vita
828 852 1025 919 Archilochi
1048 853 1294 942 quaestionem,
1312 873 1396 920 'cum

251 979 318 1024 non
341 958 381 1026 de
405 961 550 1028 omnium
579 961 852 1030 testimoniorum
880 961 1089 1031 auctoritate
1122 963 1288 1032 rationem
1321 986 1396 1031 con-

250 1071 345 1135 stare
368 1070 465 1138 nobis
488 1071 622 1160 quidem
643 1095 843 1161 persuasum
864 1072 936 1140 sits

337 1178 378 1245 In
400 1179 463 1247 hac
485 1182 682 1268 quaestione
704 1186 845 1271 praeter
866 1182 1062 1268 fragmenta
1084 1182 1159 1271 ipsa
1189 1182 1315 1270 duplici
1345 1182 1395 1249 ni·

249 1286 356 1355 timur
387 1288 616 1358 fundamento
667 1292 811 1380 primum
847 1290 978 1359 Critiae
1013 1292 1155 1382 quodam
1189 1292 1394 1376 testimonio,

250 1395 339 1484 quod
361 1398 481 1483 quanti
502 1399 597 1468 nobis
621 1399 809 1468 faciendum
834 1400 897 1483 sit,
921 1406 1041 1489 postea
1063 1400 1250 1489 apparebit.
1296 1423 1393 1489 prae-

250 1507 347 1572 terea
370 1507 507 1574 oracula
529 1509 693 1597 quaedam
714 1508 758 1575 ad
779 1509 976 1576 Archilochi
999 1509 1105 1594 vitam
1126 1532 1297 1597 genusque
1318 1532 1394 1597 per-

253 1610 374 1679 tinent.
431 1637 508 1682 nam
541 1615 626 1698 duae
658 1615 822 1704 imprimis
855 1615 1015 1683 feruntur
1047 1617 1324 1686 narratiunculae
1358 1619 1394 1685 in

250 1719 416 1789 fabularis
439 1722 605 1791 historiae
634 1723 766 1790 modum
797 1723 1016 1812 compositae:
1051 1722 1249 1792 Telesiclem
1272 1725 1392 1792 Archi-

249 1829 339 1895 lochi
370 1834 504 1918 patrem
534 1835 575 1901 ab
598 1833 759 1922 Apolline
781 1833 909 1920 Pythio
943 1833 1071 1900 iussum
1092 1833 1272 1900 Pariorum
1306 1832 1392 1900 colo-

249 1939 340 2006 niam
374 1939 521 2009 Thasum
551 1941 759 2026 deduxisse3'
782 1941 921 2009 eundem
943 1940 1144 2029 'Apollinem
1175 1946 1309 2029 poetam
1338 1941 1394 2009 vel

250 2052 421 2129 mortuam
443 2051 623 2140 praecipuo
640 2050 766 2118 honora
781 2049 944 2117 affecisse.
990 2049 1109 2137 quibus
1126 2049 1400 2117 fabellisutrum

249 2155 333 2226 fides
356 2158 509 2227 habenda
532 2160 579 2227 sit
600 2181 712 2241 necne,
736 2157 881 2246 primum
903 2157 1122 2244 inquiramua
1146 2158 1236 2225 utin
1251 2159 1390 2246 reliquis

248 2266 356 2334 libere
379 2269 646 2356 progrediamur.
692 2290 770 2334 nam
793 2268 833 2334 de
856 2288 971 2334 earum
994 2266 1125 2354 origine
1148 2273 1250 2354 atque
1277 2270 1390 2333 aucto·

249 2375 356 2443 ritate
379 2377 606 2463 quaerendum
626 2399 719 2458 csse,
756 2381 934 2462 postquam
957 2397 1069 2442 omncs
1099 2374 1135 2440 id
1156 2373 1389 2460 neglexerunt,

247 2482 538 2552 APiccclcminius
560 2484 688 2572 primus
712 2482 748 2548 in
771 2482 916 2549 Hermae
941 2482 991 2563 18,
1008 2481 1074 2548 264
1096 2481 1247 2550 ostendit
1258 2483 1296 2568 ¹).
1337 2505 1390 2548 cu·

247 2591 300 2659 ius
323 2591 616 2661 ratiocinationem
640 2591 791 2657 omnihus
805 2591 829 2674 2)
858 2589 914 2678 qni
943 2589 1077 2678 quidem
1099 2591 1140 2659 de
1164 2613 1203 2658 ca
1225 2613 1263 2658 re
1286 2591 1390 2678 scrip-

248 2707 367 2767 serunt
388 2702 567 2788 probatam
590 2699 699 2768 denuo
722 2697 837 2766 excuti
859 2702 1013 2785 oportet,
1051 2721 1124 2765 cum
1153 2722 1273 2787 parum
1296 2707 1391 2768 certa

247 2808 414 2876 videatur.

262 2975 267 2982 .
333 2918 484 2986 Primum
513 2917 555 2988 de
584 2916 730 2988 testibus
760 2936 908 3003 agamus.
965 2935 1041 2984 nam
1073 2936 1095 2984 a
1122 2916 1240 2986 multis
1271 2939 1390 2986 narra-

247 3023 399 3094 tiuncula
434 3025 495 3093 illa
525 3029 605 3092 ante
628 3023 831 3091 Aristotelis
862 3026 1017 3110 tempora
1050 3027 1132 3090 nota
1162 3048 1224 3112 per
1253 3024 1391 3112 longum

247 3132 465 3222 antiquitatis
490 3133 636 3221 spatium
659 3131 865 3221 pervulgata
884 3130 986 3197 etiam
1000 3130 1096 3198 nohis
1113 3131 1276 3199 traditur.
1311 3155 1390 3221 quo·

246 3267 321 3311 rum
345 3242 572 3310 nobilissimus
597 3244 650 3308 cst
670 3237 889 3321 Aristotelea,
914 3237 1007 3306 cuius
1031 3241 1137 3307 verba
1160 3240 1311 3328 quamvis
1336 3241 1389 3308 de·

247 3357 408 3420 truncata
439 3352 475 3418 in
498 3349 689 3418 Heraclidis
723 3348 867 3436 epitome
894 3346 928 3413 ir
944 3347 1017 3430 611,
1031 3348 1073 3426 25
1096 3349 1198 3436 p377
1220 3350 1254 3417 R
1275 3349 1390 3437 legun·

246 3459 347 3539 tur³).
391 3458 598 3527 Plutarchus
608 3458 634 3542 ⁴)
659 3455 699 3524 dc
723 3477 800 3524 sera
820 3477 910 3520 num.
934 3454 1024 3524 vind.
1048 3455 1090 3522 17
1106 3456 1195 3524 aooe
1217 3461 1253 3524 et
1275 3456 1389 3525 Aelia·

264 3721 266 3726 ’
317 3725 344 3793 1)
364 3723 458 3780 eodem
479 3723 539 3778 loco
559 3721 642 3777 etiam
663 3720 696 3775 de
715 3720 777 3774 aliis
799 3717 909 3774 fabellis
931 3719 964 3774 de
983 3720 1151 3776 Archilocho
1182 3721 1296 3777 traditis
1323 3721 1387 3791 egit.

244 3826 327 3887 atque
346 3833 406 3872 eum
427 3820 529 3887 optime
548 3815 656 3886 quidem
670 3815 709 3870 de
727 3814 895 3869 Archilocho
915 3801 1121 3870 Lacedaemone
1154 3815 1269 3885 expulso
1300 3815 1388 3870 diasc-

247 3913 335 3970 ruerit
352 3912 446 3982 (266),
477 3912 509 3966 de
537 3911 576 3964 eis
606 3924 677 3979 quae
705 3907 738 3962 de
758 3906 913 3977 Lycambae
933 3914 1023 3962 morte
1048 3906 1178 4010 fabulosa
1197 3906 1314 3976 protulit
1332 3905 1400 3962 alio·

243 4003 304 4058 loco
324 4018 406 4072 spero
428 4018 470 4057 mc
488 4003 676 4072 quaesiturum
696 4014 765 4056 essa

289 4097 342 4166 2)
361 4096 395 4152 cl.
417 4095 566 4152 Hillerus
559 4109 587 4148 1n
608 4092 737 4147 Bursiani
757 4091 856 4147 Annal.
878 4093 955 4159 1833,
975 4093 1036 4146 261.
1074 4091 1107 4146 Ε
1127 4091 1222 4162 Meyer
1241 4090 1339 4146 Gcsch.
1360 4029 1387 4146 l.

242 4185 423 4270 1111313113
443 4191 503 4244 310.
543 4185 692 4242 Crusiusl.
712 4184 908 4253 inlacsq.
928 4184 986 4239 alii.

255 4273 259 4283 '
314 4285 343 4354 3)
364 4280 517 4338 Heraclidis
537 4281 607 4335 enim
624 4276 749 4337 πολιτιίας
767 4277 836 4331 nihil
856 4293 917 4332 esse
936 4277 1161 4333 nisiAristotclis
1180 4257 1318 4347 epitomen
1331 4275 1386 4331 iarn

241 4383 354 4445 reperto
372 4393 399 4429 π.
419 4373 542 4434 πολιτείας
559 4371 704 4446 Ἀθηναίων
718 4369 791 4425 libro
810 4381 914 4424 certum
927 4373 985 4425 cst.
1021 4369 1057 4424 cf.
1075 4369 1304 4425 Wilamouilaiua
1322 4367 1387 4476 Ari·

241 4475 306 4524 atat
326 4467 381 4522 und
400 4468 494 4523 Athen
512 4464 526 4519 1
544 4467 597 4520 232
617 4481 656 4533 sq.

253 4587 283 4627 ;
313 4559 343 4632 4)
361 4559 434 4616 idam
455 4559 527 4618 hanc
546 4557 676 4615 labellum
695 4555 809 4626 respicit
826 4553 906 4612 Num.
923 4555 1072 4629 411253.
1091 4557 1129 4613 Si.
1152 4635 1166 4642 ..
1220 4582 1222 4591 ·
