3186 5106
734 400 779 466 21*

273 571 330 638 Ita
352 573 466 659 magni
487 577 608 661 poetae
632 573 724 639 cuius
748 573 897 640 carmina
919 575 977 643 vix
992 575 1194 662 legebantur
1210 599 1329 644 nomen

186 702 246 768 per
269 687 466 768 vergentem
483 683 723 771 antiquitatem
738 684 924 750 ferebatur.
972 688 1007 751 et
1022 706 1178 772 magnum
1193 688 1329 773 poetam

188 812 262 856 eum
286 789 392 858 fuisse
414 796 449 860 et
471 815 611 878 gravem
635 792 909 860 calumniatorem
943 816 963 861 a
994 794 1164 882 prioribus
1198 796 1330 883 posteri

187 899 370 968 discebant.
418 924 482 990 quo
505 902 633 969 factum
656 905 724 984 est,
754 906 793 968 ut
816 903 861 968 ad
882 905 1002 970 nostra
1033 908 1188 991 tempora
1210 905 1329 992 depra-

185 1012 267 1074 vata
282 1009 478 1076 Archilochi
500 1011 610 1097 imago
633 1011 842 1095 traderetur,
867 1012 971 1079 donec
986 1013 1187 1082 Welckcrus
1211 1037 1328 1082 verum

185 1117 257 1184 eius
281 1119 439 1208 cognovit
461 1120 640 1208 ingenium.
1168 1125 1171 1130 ’
1315 1119 1317 1126 ’

597 1527 715 1581 CAPVT
734 1526 910 1580 TERTIVM.

392 1704 895 1776 COMMENTATIVNOVLA
919 1706 1118 1775 CRITICA.

270 1922 357 1988 Eum
386 1923 443 2010 qui
465 1924 661 1991 Archilochi
684 1925 831 1991 carmina
864 1948 944 1993 vere
975 1925 1176 2011 intellegere
1208 1923 1325 1991 studet

185 2033 288 2100 etiam
311 2033 346 2099 id
369 2031 538 2119 respicere
562 2035 708 2120 oportet,
733 2033 894 2119 quomodo
918 2055 979 2120 per
997 2031 1237 2120 antiquitatem
1256 2037 1326 2096 tra-

185 2139 258 2206 dita
282 2139 359 2206 sint.
406 2140 534 2228 quade
558 2163 595 2206 rc
619 2140 770 2227 quamvis
794 2139 905 2206 tenuis
928 2139 1013 2206 fluat
1028 2139 1197 2221 memoria,
1221 2138 1327 2204 itaut

183 2247 291 2333 magis
315 2247 523 2333 singularum
544 2249 714 2316 efficiatur
734 2249 915 2336 imaginum
932 2248 1036 2316 series
1055 2269 1152 2336 quam
1168 2247 1326 2314 continua

185 2357 385 2445 descriptio,
411 2363 523 2423 tamen
545 2356 757 2424 adumbratio
781 2355 1031 2444 qualiscumque
1055 2353 1204 2421 conanda
1227 2357 1289 2432 cst.

272 2462 446 2530 Neminem
469 2461 625 2528 dubitare
649 2465 748 2548 puto,
777 2461 857 2549 quin
879 2469 981 2548 poeta
1002 2461 1074 2548 ipse
1098 2460 1232 2548 singula
1256 2483 1326 2527 car-

185 2571 274 2638 mina
310 2570 440 2637 littcris
470 2569 700 2652 mandaverit,
742 2569 844 2636 etiam
878 2568 913 2634 id
945 2572 1080 2636 constat
1112 2570 1222 2666 omnia
1253 2569 1327 2648 fere

186 2678 297 2767 poesis
320 2699 446 2765 genera
469 2677 616 2744 vetustis
640 2676 848 2763 temporibus
875 2675 1088 2743 audientibus
1119 2697 1185 2740 non
1214 2673 1326 2761 legen-

147 2777 152 2787 ’
185 2787 276 2855 tibus
300 2785 473 2853 destinata
495 2786 619 2853 fnisse:
654 2786 800 2874 plurima
823 2785 1019 2852 Archilochi
1042 2788 1199 2874 poemata
1222 2783 1325 2850 certis

186 2895 413 2963 occasionibus
437 2893 602 2981 adaptata
625 2916 698 2960 esse
721 2893 924 2975 invenimus,
957 2895 997 2959 ut
1029 2894 1064 2959 in
1094 2894 1169 2959 foro
1193 2892 1229 2958 in
1250 2913 1326 2957 con-

185 3003 287 3071 viviis
318 3002 411 3069 inter
440 3001 562 3068 amicos
595 3001 750 3088 civesque
780 3001 1019 3068 recitarentur.
1079 3023 1177 3091 saepe
1206 3007 1327 3091 poetae
1379 3025 1383 3031 ·

185 3110 361 3178 consilium
382 3109 449 3176 fnit
471 3109 598 3176 animos
624 3131 761 3175 suorum
784 3109 852 3176 suis
876 3109 1031 3176 versibus
1060 3111 1216 3196 regendi,
1248 3134 1326 3198 quo-

185 3219 281 3287 modo
305 3219 395 3286 cives
419 3217 574 3310 carmina
590 3216 762 3305 descripta
783 3240 844 3304 per
866 3219 983 3285 urbem
1006 3219 1168 3302 tulerint,
1198 3219 1233 3285 in
1256 3218 1326 3306 qui·

186 3328 246 3394 bus
270 3349 355 3414 quae
378 3325 504 3393 animos
528 3325 708 3413 plurimum
731 3327 911 3393 movebant
934 3326 1071 3413 egregie
1095 3350 1255 3416 expressa
1277 3327 1326 3392 in·

184 3434 350 3518 venirent,
376 3457 473 3525 quam
496 3435 655 3502 celeriter
672 3434 798 3521 singuli
814 3458 932 3502 versus
951 3435 1009 3522 qui
1024 3441 1167 3524 propter
1184 3437 1326 3503 formam

185 3543 344 3610 facillime
362 3543 487 3627 ,animis
512 3546 716 3612 tenebantur
740 3567 801 3630 per
825 3542 970 3609 omnium
1000 3565 1060 3608 cra
1090 3544 1325 3631 migraverint,

186 3675 383 3742 quamquam
405 3653 534 3718 nullum
557 3654 598 3720 de
622 3675 661 3720 ca
682 3675 719 3719 re
742 3652 972 3720 testimonium
988 3651 1145 3721 relictum
1164 3656 1227 3732 est,
1252 3674 1326 3718 con-

184 3759 315 3826 iectura
338 3760 578 3848 quodammodo
602 3759 760 3848 consequi
781 3761 871 3828 licet.
960 3761 1152 3848 posteriore
1174 3763 1326 3847 tempore

186 3867 408 3934 Archilochus
426 3868 514 3936 sicut
533 3867 647 3936 eodem
669 3869 795 3935 honore
819 3868 940 3954 dignus
963 3869 1150 3955 putabatur
1169 3869 1325 3948 Homero,

186 3976 300 4042 eodem
333 3976 430 4043 modo
462 4000 523 4065 per
559 3999 620 4044 ora
646 3977 815 4044 hominum
842 3975 1037 4044 ferebatur:
1074 3975 1235 4065 rhapscdi
1255 3998 1326 4042 car-

184 4083 274 4150 mina
304 4083 374 4150 eius
410 4093 611 4173 receperunt
646 4085 821 4152 recitanda
830 4085 864 4168 1).
921 4106 1019 4171 quam
1054 4083 1326 4151 consuetudinem

185 4193 288 4261 etiam
320 4192 567 4272 vetustioribus
602 4191 809 4280 temporibus
845 4191 1002 4258 extitisse
1034 4191 1107 4257 inre
1138 4189 1325 4257 conicimus.

184 4322 261 4367 nam
284 4299 428 4389 primum
451 4302 580 4365 certum
603 4299 833 4367 testimoninm
856 4297 1007 4366 ostendit
1030 4321 1103 4364 enm
1119 4322 1214 4365 nsum
1231 4302 1327 4365 sexto

185 4410 318 4477 saeculo
346 4406 511 4475 valuisse:
535 4406 732 4474 Heraclitus
757 4405 924 4493 Ephesius
947 4406 981 4471 fr
995 4404 1058 4471 119
1074 4405 1171 4490 Byw.
1191 4405 1239 4488 (cf
1252 4406 1329 4489 111)

187 4552 394 4564 ——.—,‚

261 4615 286 4682 l)
305 4611 332 4667 cl
343 4611 378 4669 Ε.
387 4611 481 4683 Meyer
494 4611 585 4680 gesch.
596 4610 621 4666 d.
633 4611 680 4666 alt.
691 4611 718 4664 11
730 4611 747 4681 ξ
759 4613 820 4668 372.
840 4611 952 4666 Cnosius
969 4625 1013 4680 ep.
1024 4610 1198 4666 Paul-Wiss.
1220 4610 1247 4663 11
1265 4612 1327 4665 505.
