3186 5106
774 338 814 410 13

214 519 318 606 poeta
352 539 408 585 eos
440 539 508 586 non
536 523 577 588 ut
606 541 627 585 a
660 541 696 586 sc
733 517 861 586 alienos
896 517 1043 598 inducit,
1075 515 1136 586 scd
1166 515 1361 605 quibuscum

214 628 287 716 ipse
309 627 527 696 familiariter
551 628 746 695 coniunctus
770 627 834 695 sit:
865 627 937 715 ipse
961 627 1085 696 nobilis
1109 627 1186 694 fuit.
1232 625 1360 694 sororis

215 734 375 801 maritum
398 759 471 802 cum
494 736 593 804 sociis
616 735 795 822 naufragio
828 734 1016 802 demersum
1046 739 1122 804 tota
1151 736 1233 802 urbs
1265 736 1362 822 luget

217 843 310 928 (911).
357 843 581 911 Archilochus
605 844 678 932 ipse
700 843 862 910 nobilium
882 843 1001 910 officiis
1019 848 1055 911 et
1080 843 1362 912 oblectationibus

215 952 370 1019 interest.
416 953 572 1022 inbellis
595 953 757 1042 gravibus
782 953 884 1020 armis
916 953 1029 1041 utitur
1053 953 1098 1038 (2.
1115 953 1157 1039 6),
1181 953 1360 1041 pugnando

215 1061 343 1146 gaudet
367 1062 429 1148 (1),
459 1061 634 1131 Abantum
656 1062 802 1130 nobilem
824 1060 1004 1128 dimicandi
1025 1085 1122 1128 usum
1145 1062 1361 1130 vehementer

217 1167 337 1236 laudat
361 1171 418 1257 (3).
464 1175 500 1239 et
523 1171 557 1237 in
580 1171 668 1239 bello
692 1173 728 1238 et
752 1170 787 1236 in
809 1171 884 1238 foro
915 1170 1218 1258 quamplurimum
1246 1170 1362 1237 valere

215 1280 251 1344 ct
273 1277 432 1366 populum
448 1303 571 1366 regere
588 1279 747 1364 ardct³²).
792 1279 891 1346 huius
907 1278 1062 1365 imaginis
1079 1279 1262 1346 veritatem
1279 1279 1360 1346 alic·

214 1409 289 1452 rum
312 1387 474 1475 exemplis
491 1388 629 1476 probari
644 1388 812 1456 invenies:
838 1387 1031 1455 Semonidcs
1056 1391 1091 1454 et
1107 1387 1211 1456 Solon
1233 1411 1358 1456 summo

214 1496 287 1562 loco
322 1497 396 1564 nati
431 1496 533 1565 simili
565 1498 662 1566 modo
700 1504 876 1586 poetarum
911 1520 1047 1564 munere
1081 1501 1184 1585 atque
1213 1497 1359 1565 auctori·

214 1608 289 1672 tate
318 1610 481 1692 utuntur3
515 1607 731 1674 Mimnermus
765 1612 878 1675 autem
912 1606 1043 1693 αὐλητὴς
1073 1607 1136 1692 ἅμα
1163 1605 1211 1671 καὶ
1234 1605 1360 1692 ποιητὴς

215 1713 371 1798 ἐλεγείων,
388 1715 422 1780 in
455 1717 556 1783 rebus
591 1717 734 1806 publicis
763 1716 954 1785 tractandis
984 1716 1086 1782 aliam
1107 1715 1281 1803 ingressus
1306 1718 1360 1782 est

214 1822 320 1908 viam;
357 1828 392 1890 et
422 1827 497 1892 toto
528 1825 620 1893 caelo
644 1827 825 1916 Hipponax
856 1825 975 1893 humili
996 1825 1069 1893 loco
1093 1829 1190 1893 ortus
1214 1827 1256 1893 ab
1283 1825 1359 1892 illo·

213 1955 288 1998 rum
310 1955 434 2020 genere
457 1938 559 2022 atque
582 1942 658 2003 arte
681 1937 824 2004 honesta
846 1937 963 2003 distat.

587 2349 590 2354 ’
622 2353 740 2410 CAPVT
759 2356 948 2414 ALTERVM.

279 2531 341 2596 DE
365 2531 655 2600 ARCHILOCHI
677 2529 872 2603 NOMINIS
895 2535 1025 2605 APVD
1047 2534 1286 2622 ANTIQVOS

613 2649 960 2720 AVCTORITATE.

299 2864 471 2946 Quomodo
494 2865 692 2933 Archilochi
715 2890 834 2935 nomen
857 2891 918 2956 per
941 2868 1182 2956 antiquitatem
1204 2870 1356 2958 viguerit

213 2972 291 3040 dum
314 2974 505 3060 quaerimus
528 2975 615 3041 illud
637 2998 703 3041 non
726 2975 807 3044 licet
830 2976 1082 3065 praetervidcri
1104 2971 1268 3067 imprimis
1295 3001 1355 3045 nos

212 3081 265 3148 uti
289 3082 492 3170 scriptorum
516 3083 729 3151 testimoniis.
782 3107 981 3173 quamquam
1009 3109 1075 3153 non
1107 3088 1215 3154 solum
1247 3087 1355 3154 totius

211 3190 327 3278 populi
351 3192 554 3260 sententiam
577 3216 595 3259 e
617 3193 788 3260 nonnullis
813 3193 999 3260 elucentem
1031 3195 1260 3281 agnoscimus,
1295 3196 1355 3264 scd

211 3299 314 3366 etiam
335 3299 443 3369 multa
466 3323 668 3367 summorum
691 3301 843 3367 virorum
865 3301 990 3369 indicia
1004 3303 1207 3389 invenimus;
1229 3304 1281 3370 his
1297 3305 1356 3392 qui

210 3432 369 3477 summam
392 3410 548 3479 tribuant
571 3409 812 3476 auctoritatem
828 3409 863 3474 in
879 3410 941 3476 hac
956 3411 1153 3497 quaestione
1168 3436 1235 3478 non
1246 3413 1356 3480 multa

209 3543 308 3608 spero
332 3520 586 3587 desideraturos
611 3543 693 3586 esse.
740 3541 838 3608 quam
860 3541 967 3624 panca
990 3520 1060 3586 sint
1084 3544 1168 3609 quae
1184 3522 1224 3589 de
1238 3522 1301 3590 hac
1317 3547 1354 3590 re

211 3628 352 3696 sciamus
377 3628 482 3696 cuivis
507 3628 618 3695 obiter
650 3627 843 3716 inspicienti
878 3632 1031 3716 apparet.
1085 3651 1162 3696 nam
1192 3653 1265 3697 cum
1289 3632 1354 3698 Ar·
1471 3629 1472 3632 ’
1542 3715 1545 3723 1

206 3734 347 3802 chilcchi
369 3759 492 3803 nomen
513 3759 575 3824 per
598 3739 706 3802 totam
730 3735 803 3803 fere
827 3734 1068 3826 antiquitatem
1090 3737 1225 3824 vigeret
1246 3742 1281 3805 et
1297 3761 1353 3826 cp·
1412 3813 1414 3819 ¹

206 3845 283 3913 timi
305 3845 464 3933 cuiusque
488 3845 618 3912 animus
643 3843 845 3911 carminibus
869 3843 940 3910 cius
974 3849 1186 3928 moveretur,
1219 3847 1354 3934 singula
1376 3881 1387 3933 χ

279 4100 325 4170 32)
345 4115 366 4154 1.
380 4115 404 4167 g.
419 4099 488 4153 1154
503 4114 533 4166 sq
554 4099 589 4152 68
603 4115 634 4166 sq
654 4100 702 4166 643
728 4098 763 4151 20
789 4098 894 4152 50-53
915 4101 949 4152 69
970 4099 1035 4152 129:
1055 4098 1176 4166 quamvis
1203 4099 1288 4153 multa
1307 4101 1354 4156 ho·

204 4211 262 4250 rum
284 4196 458 4262 vestigiorum
483 4194 576 4262 generi
600 4194 691 4260 poesis
714 4207 767 4245 non
789 4201 887 4266 poetae
909 4193 1018 4260 ingenio
1037 4194 1162 4260 tribuas,
1182 4201 1273 4248 tamen
1294 4195 1353 4262 ipse

204 4289 272 4343 haec
299 4303 353 4342 non
383 4288 489 4340 minora
510 4299 570 4340 csse
590 4286 695 4340 censuit
715 4301 795 4352 qnam
820 4293 907 4339 artem
934 4285 1070 4354 poeticam
1088 4286 1262 4341 Athen.le
1275 4290 1351 4342 6271

203 4377 349 4455 Ἀρχίλοχος
368 4383 427 4450 γοῦν
451 4377 544 4449 ἀγαθὸς
563 4376 600 4431 ὢν
618 4378 724 4450 ποιητὴς
743 4384 844 4451 πρῶτον
864 4379 1024 4451 ἐκαυχήσατο
1042 4378 1071 4431 τὸ
1092 4377 1212 4432 dicuutur
1239 4383 1352 4454 μετέχειν

204 4479 256 4526 τῶν
275 4473 413 4527 πολιτικῶν
434 4473 549 4544 ἀγώνων,
571 4472 684 4547 δεύτερον
703 4472 841 4546 δ’ἐμνήοθη
862 4481 915 4526 τῶν
932 4474 988 4546 περὶ
1006 4474 1053 4545 τὴν
1072 4475 1206 4547 ποιητικὴν
1224 4475 1352 4550 δήιαρχόν-

202 4583 255 4619 των
275 4565 355 4620 αὺτῶι
377 4565 406 4620 cf
414 4564 440 4620 fr
453 4567 474 4619 1.
