3186 5106
821 368 865 437 48

274 565 412 634 quocum
434 541 611 628 cohaeret,
643 543 826 631 quod³dies
850 549 1031 633 noctesque
1055 543 1166 614 ducit:
1202 543 1294 612 0136
1310 568 1350 633 sq
1377 538 1425 613 le·

273 655 367 741 gitur
392 653 563 721 sententia
1024 661 1028 666 '

407 765 484 833 τοῖος
508 757 564 845 γὰρ
586 760 653 830 νόος
676 757 754 822 ἐστίν
777 759 962 846 ἐπιχθονίων
986 760 1156 848 ἀνθρώπων

400 870 461 936 οἷον
484 869 529 932 ἐπ’
554 869 635 954 ἦμαρ
660 866 776 952 οίηηισιν
800 866 898 953 πατὴρ
922 869 1036 954 ἀνδρῶν
1061 893 1093 932 τε
1116 870 1198 934 θεῶν
1220 893 1262 932 τε.

200 1036 203 1041 -
271 1022 369 1089 quam
391 994 594 1064 Archilocho
606 995 630 1080 6)
652 999 787 1062 veteres
812 995 972 1063 viderunt
995 995 1030 1061 in
1053 994 1162 1064 animo
1190 995 1296 1063 fuisse
1321 997 1363 1061 70

401 1109 479 1177 τοῖος
503 1106 686 1190 ἀνθρώποισι
712 1102 805 1188 θυμὸς
832 1103 946 1167 Γλαῦκε
970 1104 1121 1169 Λεπτίνεω
1145 1102 1199 1170 πάι

401 1215 531 1299 γίγνεται
557 1213 697 1299 θνητοῖσ’,
723 1212 824 1297 ὁκοίην
849 1211 925 1285 Ζεὺς
948 1213 995 1298 ἐφ’
1021 1214 1136 1299 ἡμέρην
1161 1213 1232 1299 ἅηηι

399 1320 449 1385 καί
474 1325 613 1406 φρονοῦσι
636 1323 688 1382 τοῖ’
712 1319 834 1383 ὁνοίοισ’
858 1318 1034 1405 ἐηνυρέωσιν
1059 1319 1211 1406 ἔργμασιν.

269 1470 342 1513 cum
364 1449 507 1534 paterno
529 1445 565 1510 in
588 1445 667 1511 deos
691 1444 905 1532 hominesque
936 1445 1010 1511 iure
1040 1449 1169 1525 utatur,
1205 1445 1414 1534 omnipotens

268 1560 321 1624 est
344 1558 445 1641 atque
468 1555 578 1622 iustus
603 1553 767 1620 scelerum
789 1553 904 1621 ultor:
927 1556 970 1620 88

416 1665 441 1725 ὦ
465 1661 521 1727 Ζεῦ
544 1655 635 1749 πάτερ
659 1661 725 1744 Ζεῦ,
752 1660 801 1727 σὸν
827 1661 878 1748 μὲν
902 1664 1027 1750 οὐρανοῦ
1050 1657 1164 1752 κράτος,

505 1771 539 1835 σὺ
564 1771 659 1858 δ’ἔρη’
683 1772 729 1835 ἐπ’
754 1773 922 1858 ἀνθρώπων
947 1775 1028 1859 ὁρᾶις

417 1880 536 1969 λεωρηοί
558 1879 607 1944 καί
633 1873 769 1966 θεμιστοί,
795 1879 842 1944 σοί
866 1879 898 1945 δὲ
923 1881 1037 1967 θηρίων

503 1990 584 2076 ὕβρις
607 2014 638 2052 τε
661 1987 711 2053 καί
735 1989 801 2074 δίκη
828 1988 919 2074 μέλει.

265 2101 450 2192 compluria
481 2100 533 2166 his
566 2098 679 2166 verbis
715 2098 963 2184 coniunguntur
991 2122 1075 2186 quae
1108 2100 1196 2188 apud
1226 2101 1409 2170 Homerum

265 2212 420 2300 dispersu
443 2215 539 2276 sunt:
564 2206 605 2272 de
628 2205 720 2272 Iovis
744 2229 848 2292 regno
872 2207 1011 2274 coelesti
1034 2211 1135 2274 antea
1152 2208 1312 2292 vidimus3
1337 2233 1409 2278 cum

265 2319 409 2389 secundo
432 2313 602 2385 sententie
625 2313 774 2380 conferri
795 2313 877 2382 licet
901 2314 960 2381 hos
984 2315 1075 2382 locos
1100 2317 1194 2382 oms
1211 2339 1251 2403 sq

395 2423 468 2496 Ζεὺς
494 2422 586 2507 σφέας
609 2426 722 2485 τίσαιτο
747 2422 902 2505 ἱκετήσιος,
927 2415 959 2494 ὅς
982 2447 1013 2486 τε
1037 2423 1087 2486 καί
1110 2423 1217 2497 ἄλλους

394 2533 572 2618 ἀνθρώπους
595 2532 703 2616 ἐφορᾶι
724 2527 773 2593 καί
796 2529 906 2595 τίνοται
929 2521 1007 2604 ίίστις
1031 2531 1161 2619 ἁμάρτηι

265 2659 300 2724 et
323 2656 412 2743 9486
437 2655 493 2744 qui
516 2655 559 2721 ed
583 2661 719 2721 cunctos
744 2655 822 2722 deos
846 2656 998 2743 pertinet

639 2762 704 2828 ίίεοί
728 2815 735 2829 .
760 2816 767 2832 .
793 2817 800 2832 .
825 2767 1036 2852 ἐπιστρωφῶσι
1060 2768 1175 2852 πόληας

398 2875 566 2961 ἀνθρώπων
590 2873 705 2960 ὕβριν
728 2873 854 2938 τεκαὶ
878 2875 1068 2960 εὐνομίην
1091 2877 1265 2962 ἐφορῶντες.

266 2983 422 3073 Iuppiter
453 2982 561 3070 igitur
585 2985 620 3049 et
642 3004 763 3068 magna
786 2987 821 3050 et
843 3005 950 3071 parva
971 2985 1156 3070 gubernat,
1187 2985 1239 3052 itu
1265 2986 1304 3051 ut
1333 2983 1408 3050 iure

262 3090 314 3158 his
338 3091 493 3158 laudibus
518 3093 701 3157 exornetur
726 3090 786 3156 101
805 3090 960 3157 H.·Crus‚

418 3196 490 3271 Ζεὺς
514 3200 543 3262 ἐν
569 3199 665 3261 θεοῖσι
690 3190 789 3282 μιίντις
812 3198 1030 3285 ἀψευδέστατος

473 3306 523 3371 ναί
547 3307 629 3380 τέλος
654 3306 741 3380 αὐτὸς
764 3307 837 3395 ἔχει.
1165 3293 1174 3320 ’

261 3417 376 3486 Iovem
417 3416 561 3484 omnium
598 3417 736 3483 deorum
774 3415 1025 3484 veracissimum
1060 3420 1173 3484 vatem
1212 3439 1284 3484 esse
1318 3413 1408 3506 opud

260 3530 443 3595 Homerum
467 3526 598 3615 quidem
620 3550 686 3592 non
709 3526 855 3612 legitur5
893 3529 1006 3592 tumen
1036 3548 1075 3592 ea
1105 3525 1275 3593 sententis
1304 3525 1406 3594 artis-

262 3637 343 3706 sime
366 3635 524 3702 cohaeret
554 3657 626 3700 cum
660 3634 853 3720 cognomine
876 3633 967 3701 Iovis
994 3633 1193 3720 Πανομφαίοο
1218 3635 1331 3718 Θ250,
1363 3634 1405 3700 dc

264 3746 356 3813 cuius
387 3736 532 3811 oraculo
554 3742 714 3809 Dodoneo
745 3743 780 3808 cf
795 3741 897 3808 [1235
930 3743 1021 3814 2328
1050 3743 1142 3808 1296
1171 3743 1251 3810 Hes.
1266 3743 1299 3809 fr
1317 3743 1404 3812 156⁶.

260 3861 398 3920 transeo
433 3851 476 3917 ad
506 3849 660 3916 Martem.
694 3848 783 3936 apud
810 3849 993 3915 Homerum
1023 3848 1242 3917 inveniuntur
1275 3849 1405 3935 figurae

258 3962 356 4030 velut
381 3961 464 4026 haec
486 3957 571 4044 ἔριδα
593 3951 762 4041 ξυνάγοντες
788 3956 895 4045 Ἄρηος
926 3956 1036 4039 Ε861,
1069 3957 1145 4025 aliis
1177 3957 1261 4024 locis
1291 3979 1405 4046 pugna

257 4065 382 4132 dicitur
407 4067 506 4150 μῶλος
524 4061 632 4150 Ἄρηος
656 4063 781 4148 11147;
806 4063 892 4130 unde
915 4061 1138 4130 Archilochus
1162 4061 1349 4152 composuit
1367 4062 1402 4132 32

331 4332 357 4402 6)
378 4331 432 4386 alio
453 4327 532 4384 modo
552 4327 664 4382 eandem
684 4321 847 4382 sententiam
866 4328 1004 4396 expressit
1023 4328 1092 4382 Sem.
1109 4331 1134 4399 1,

477 4424 533 4482 νόος
553 4422 572 4474 δ’
595 4422 641 4475 οὒκ
660 4423 684 4474 ἐν
704 4422 879 4494 ἀνθρώποισιν,
899 4419 954 4475 ἀλλ’
974 4422 1095 4494 ἐφήμεροι

478 4520 494 4572 ἂ
514 4518 544 4590 δὴ
566 4515 617 4588 βότ’
639 4519 687 4571 αἰεὶ
706 4519 790 4587 ζῶμεν
810 4516 881 4570 οὐδὲν
901 4515 992 4574 εἰδότες

482 4609 551 4672 ὅπως
570 4607 674 4665 ίααστον
693 4605 862 4687 ἐκτελευτήσει
881 4608 948 4670 θεός.
