3186 5106
810 374 853 440 28

263 550 420 642 [Αίοχίνης
451 555 557 644 codd]
592 557 622 620 ἐν
651 557 711 629 τοῖς
742 555 876 644 ἰάμβοις,
909 549 992 623 item
1020 551 1149 620 Tzetza
1180 553 1228 638 (of
1241 553 1274 620 fr
1291 553 1324 640 9)
1354 551 1404 618 καί

262 662 319 750 ἔπη
342 663 392 730 καί
416 665 540 752 ἰάμβους
564 665 597 730 δὲ
621 663 672 731 σὺν
695 665 794 739 ἄλλοις
818 669 919 739 πόσοις
943 665 1068 754 γράψας.

349 774 508 840 Omnibus
523 775 629 862 igitur
640 779 779 864 praeter
792 776 1012 865 Hermippum
1024 772 1127 864 ἴαμβοι
1143 776 1314 844 tribuendi
1329 797 1404 843 esse

262 882 440 968 videntur,
477 884 543 950 nisi
570 883 659 973 qaod
680 885 768 974 apud
793 886 967 953 Cercidam
989 909 1045 952 res
1067 886 1199 953 incerta
1221 890 1289 970 θείς
1322 885 1400 952 Cer-

262 992 355 1060 cidac
378 993 408 1060 si
432 994 604 1081 μελιοίμβων
626 1017 745 1063 nomen
767 994 1002 1063 vindicandum
1025 995 1081 1077 sit,
1105 1019 1171 1062 non
1191 995 1311 1062 inutile
1335 994 1403 1062 crit

263 1096 435 1188 μιμιίμβων
459 1099 638 1190 μοίίιάμβων
661 1104 781 1173 titulos
805 1105 841 1170 in
862 1108 1007 1171 mentem
1029 1127 1201 1172 revocare,

348 1211 498 1293 Quorum
520 1214 715 1302 priusquam
738 1236 896 1280 summam
920 1211 1098 1296 faciamus,
1130 1213 1231 1281 etiam
1254 1214 1404 1300 elegiaca

260 1321 408 1388 earmina
423 1323 664 1411 perlustranda
680 1326 768 1390 sunt.
792 1323 827 1389 in
841 1323 903 1390 hac
918 1323 1113 1411 quaestione
1129 1324 1242 1411 paullo
1266 1324 1403 1391 diversa

260 1455 314 1498 res
338 1436 407 1516 est;
441 1431 604 1520 siquidem
634 1433 736 1501 etiam
766 1433 854 1520 apud
878 1432 1083 1500 vetustiores
1107 1439 1245 1520 praeter
1269 1433 1402 1516 ἐλεγείας

260 1563 379 1608 nomen
408 1541 579 1608 interdum
602 1544 718 1626 ἐλεγεῖα
748 1540 944 1610 invenimus.
991 1543 1032 1609 ab
1063 1542 1175 1609 altera
1204 1549 1303 1628 parta
1336 1542 1400 1608 ele-

260 1650 391 1737 giacum
431 1673 564 1718 carmen
604 1651 774 1718 interdum
815 1651 916 1718 ctiam
951 1673 971 1718 a
1004 1651 1248 1721 recentioribus
1284 1652 1402 1735 ἐλεγεία

257 1761 481 1847 apellabatur.

347 1867 479 1937 Solonis
503 1868 644 1957 elegiam
666 1871 874 1942 Aristoteles
899 1875 963 1936 πολ.
980 1865 1099 1940 ‘nav
1131 1872 1235 1937 affert
1257 1871 1308 1955 τὴν
1333 1873 1400 1934 ἐλε-

260 1980 342 2063 γείων
359 1981 392 2064 ἧς
409 1979 486 2044 ἐστὶν
503 1983 582 2067 ἀρχή
606 1984 752 2064 (γινώσκω
769 1982 820 2046 καί
836 1981 904 2067 μοι’,
929 1981 1010 2048 item
1025 1980 1229 2047 Plutarchus
1243 1979 1310 2046 Sol.
1325 1981 1397 2060 frl,

259 2088 426 2176 Diogenes
459 2090 675 2178 Xenophanis
699 2091 781 2174 61³);
818 2091 940 2158 Strabo
965 2085 1111 2176 Tyren
1145 2089 1336 2177 praemittit
1370 2091 1400 2153 ἐν

262 2206 309 2283 rip
331 2199 460 2282 ἐλεγείαν
483 2201 519 2283 ἣν
543 2199 756 2285 ἐπιγράφουσιν
775 2199 931 2285 Εὐνομίαν.
978 2199 1111 2286 saepius
1129 2198 1256 2285 legitur
1279 2201 1309 2262 ἐν
1332 2200 1400 2262 ἐλε-

258 2308 351 2390 γείαις
375 2307 430 2375 vel
453 2307 560 2374 simile
583 2308 678 2396 quid:
712 2308 799 2376 sicut
828 2309 863 2374 in
886 2308 1068 2376 Clementis
1091 2313 1268 2395 poetarum
1290 2308 1400 2374 furto-

259 2440 333 2483 rum
357 2417 606 2484 enumeratione
629 2417 709 2500 (Sol.
725 2419 775 2484 17.
790 2419 856 2503 27),
881 2418 969 2506 apud
985 2416 1205 2484 Plutarchum
1229 2421 1263 2484 et
1286 2416 1400 2482 Achil-

259 2525 326 2592 lem
356 2526 448 2592 vitae
480 2526 580 2593 Arat.
606 2533 777 2594 auctorem
806 2527 928 2615 parm
952 2526 1034 2610 (Sol.
1059 2526 1172 2611 19)¹⁴).
1227 2526 1307 2592 haec
1346 2549 1400 2594 res

259 2634 366 2701 multo
389 2634 562 2701 difficilior
585 2636 743 2704 redditur
766 2659 805 2702 eo
828 2635 916 2724 quod
940 2640 975 2703 ct
990 2635 1127 2723 utrique
1145 2635 1246 2702 etiam
1261 2635 1405 2718 ἐλεγείων

259 2744 390 2811 nomine
412 2747 597 2812 utebantur
621 2750 656 2813 ct
678 2746 769 2813 inter
793 2746 931 2829 ἐλεγείων
956 2749 991 2812 et
1014 2747 1152 2828 ἐλεγειων
1174 2745 1301 2811 formas
1317 2743 1403 2809 nihil

259 2855 332 2921 fero
356 2862 408 2922 est
431 2855 643 2921 discriminis.
689 2856 829 2938 ἐλεγείων
852 2854 983 2920 nomine
999 2854 1099 2921 Plato
1117 2860 1155 2921 ut
1174 2854 1311 2921 videtur
1333 2853 1401 2941 pri-

259 2987 331 3030 mus
355 2987 434 3030 usus
461 2965 608 3050 Theogn.
626 2965 667 3030 33
685 2986 723 3052 sq
746 2966 860 3047 affert,
884 2969 1003 3052 postea
1026 2964 1115 3051 apud
1130 2962 1401 3042 Aristotelem¹⁵)

255 3079 463 3100 r--ffi

334 3116 377 3183 13)
397 3115 478 3166 etiarn
499 3130 530 3166 ca
550 3130 618 3182 quac
633 3114 778 3169 Clementis
791 3123 887 3171 auctor
902 3115 940 3169 Vl
955 3117 1006 3168 742
1026 3113 1132 3182 profert
1153 3111 1268 3166 ὁΣίλων
1286 3118 1332 3185 τῆς
1350 3113 1401 3166 ἐλε-

260 3207 326 3278 γείας
345 3209 449 3280 ἄρχεται
472 3209 535 3274 quin
563 3208 655 3262 codem
683 3208 761 3261 modo
788 3208 971 3275 intellegenda
996 3209 1050 3262 sint
1076 3208 1141 3260 mihi
1165 3206 1271 3275 quidem
1292 3206 1401 3259 dubium

261 3317 315 3354 non
335 3310 392 3370 est3
412 3303 531 3368 optimus
552 3303 621 3354 enim
643 3303 668 3355 in
689 3317 722 3356 ca
741 3302 828 3369 elegia
848 3301 1000 3368 afferenda,
1024 3317 1095 3370 qnae
1115 3317 1173 3354 cum
1194 3302 1262 3356 satis
1282 3311 1347 3354 nota
1367 3301 1403 3353 sit

260 3396 347 3462 primo
367 3411 447 3448 versu
468 3395 561 3450 addito
585 3404 659 3449 certo
685 3396 868 3463 significetur,
897 3397 1015 3449 articulo
1042 3397 1117 3450 locus
1144 3405 1199 3449 est:
1229 3411 1263 3448 aa
1293 3396 1320 3447 in
1348 3393 1404 3447 illis

260 3489 350 3542 verbis
369 3491 414 3561 τὴν
433 3489 539 3560 ἐλεγείαν
557 3490 588 3562 ἧς
607 3491 671 3543 ἐστίν
690 3491 757 3564 ἀργή
779 3491 834 3544 alia
855 3506 899 3544 ras
919 3491 980 3543 est?
1017 3490 1111 3556 itaque
1137 3505 1190 3542 non
1214 3487 1335 3541 curanda
1360 3495 1402 3542 est

260 3584 330 3635 mira
349 3582 527 3636 Heinemanni
547 3585 722 3639 ratiocinatio
753 3585 797 3636 ll.
818 3601 835 3651 p
856 3587 889 3638 37
909 3600 958 3652 sqq
986 3599 1039 3651 qua
1059 3582 1167 3636 Solonis
1188 3582 1302 3649 elegiam
1324 3583 1356 3635 13
1375 3583 1402 3634 iu

259 3677 345 3731 totius
365 3677 429 3730 libri
449 3678 527 3731 initio
546 3676 629 3732 fuisse
648 3678 827 3746 comprobare
840 3677 947 3744 studet;
967 3694 1028 3730 nam
1049 3678 1100 3730 hoc
1113 3677 1173 3730 loco
1187 3691 1251 3729 usus
1264 3673 1403 3728 contendit

260 3770 406 3825 Clementis
435 3779 588 3839 auctorem,
621 3789 681 3825 cum
709 3773 736 3825 in
764 3772 872 3826 Solonis
902 3788 954 3839 quo
983 3771 1112 3824 utebatur
1141 3770 1265 3836 exemplo
1293 3768 1402 3822 titulum

260 3861 407 3918 ΕΛΕΓΕΙΑ
426 3867 644 3935 suprascriptam
669 3865 787 3932 rideret,
814 3873 862 3918 aut
887 3866 978 3918 omnia
996 3865 1104 3917 Solonis
1129 3865 1250 3917 carmina
1275 3863 1405 3929 elegiaca,

259 3975 340 4012 unam
360 3960 489 4013 habuisse
508 3960 623 4026 elegiam
643 3967 691 4012 aut
707 3959 790 4012 totius
806 3959 890 4013 libelli
906 3959 1015 4011 titulum
1029 3959 1108 4026 primi
1122 3957 1250 4011 carminis
1266 3957 1403 4011 habuisse.

261 4070 347 4121 neque
367 4054 400 4107 de
419 4053 526 4107 Solonis
546 4053 574 4107 fr
594 4057 628 4106 30
648 4062 675 4107 et
694 4053 864 4118 Diogeniano
883 4059 958 4106 rect-c
979 4051 1114 4105 iudicasse
1134 4050 1248 4104 videtur.

334 4149 379 4216 14)
398 4149 478 4200 etiarn
503 4147 631 4216 Aeschyli
652 4147 676 4199 ir
698 4147 758 4208 1.2,
778 4147 861 4214 Soph.
884 4148 969 4199 l.2.3
1001 4145 1185 4198 aPlutarcho
1211 4144 1403 4212 Theophrasto

260 4241 410 4308 Hephaest.
423 4243 554 4308 Harpocr.
567 4239 646 4294 Erot.
666 4242 690 4293 ἐν
710 4240 824 4310 ἐλεγείοις
845 4240 1010 4293 afferuntur:
1039 4248 1135 4291 contra
1155 4240 1182 4290 in
1202 4239 1329 4307 Aeschyli
1349 4237 1405 4290 vita

259 4335 297 4403 (fr
319 4337 344 4404 1)
364 4335 477 4406 ἐλεγείων
496 4345 524 4388 et
544 4336 648 4405 ἐλεγεῖον
668 4335 777 4403 legitur,
797 4335 870 4388 Ionis
891 4333 916 4386 fr
937 4334 988 4387 1.2
1008 4333 1042 4387 ab
1063 4335 1214 4399 Athenaeo,
1233 4335 1249 4384 5
1270 4333 1296 4384 in
1315 4331 1405 4400 Etym.

259 4429 371 4500 ἐλεγείοις
390 4430 556 4483 tribuuntur.

336 4525 377 4593 15)
397 4522 430 4575 de
448 4523 554 4596 ἐλεγείᾳς
580 4523 654 4578 vocis
674 4539 724 4582 usu
753 4521 781 4575 ci
797 4521 939 4581 Kaibelius
958 4520 1010 4578 Stil
1036 4536 1061 4573 u.
1082 4519 1153 4576 Text
1177 4520 1203 4575 d.
1229 4519 1285 4574 πολ.
1304 4516 1356 4574 ’Aa
1375 4517 1402 4572 d.

259 4624 307 4684 Ar.
327 4619 397 4702 plo,
