3186 5106
704 415 747 492 45

243 599 316 671 181.
350 599 541 690 Hesychius
578 601 728 688 glossam
767 600 922 669 servavit
958 601 1138 687 pecoduepu'
1172 594 1204 663 τὸ
1241 611 1301 684 μη-

154 716 216 780 κέτι
239 713 308 801 ἔχον
332 713 511 799 stadt-rip,
536 716 576 786 ὡς
600 711 769 800 Ἀρχίλοχος
793 713 1050 800 corruptam'ut
1073 709 1238 793 videtur,
1265 708 1301 774 in

155 847 221 913 qua
243 845 350 912 neque
368 825 532 909 μουνόκερα
552 823 695 889 formam
710 821 873 908 intellego
896 843 1002 908 neque
1026 820 1106 907 quid
1130 819 1193 887 sibi
1216 819 1302 887 velit

156 935 189 1000 τὸ
203 975 244 984 -
257 934 326 1022 ἔχον
344 937 474 1001 certum
497 936 559 1000 est.
596 935 710 999 tamen
732 937 793 998 aut
809 930 912 997 fallor
936 934 996 997 aut
1019 931 1054 996 in
1077 951 1116 997 ea
1131 930 1220 996 latet
1242 952 1301 997 no-

157 1071 232 1114 men
255 1046 398 1113 Acheloi
432 1067 529 1132 quem
559 1047 649 1112 teste
678 1043 780 1110 schol.
795 1043 891 1129 (Ven.
906 1043 948 1129 B)
961 1044 989 1106 ‹l›
1002 1043 1065 1108 237
1079 1041 1302 1108 Archilochus

155 1157 292 1245 (fr147)
315 1155 515 1222 induxerat:
546 1153 716 1241 Ἀρχίλοχος
740 1152 792 1238 μὲν
816 1154 869 1217 οὐκ
892 1154 1055 1238 ἐτόλμησεν
1079 1150 1236 1238 Ἀχελῶιον
1261 1156 1301 1223 ὡς

158 1264 291 1352 ποταμὸν
311 1263 461 1351 Ἡρακλεῖ
484 1265 645 1351 συμβαλεῖν
681 1265 745 1328 ἀλλ’
781 1267 821 1335 ὡς
853 1267 969 1349 ταῦρον.
1016 1262 1197 1348 Herculem
1230 1284 1304 1326 cum

157 1376 306 1443 Acheloo
330 1379 536 1464 pugnantem
571 1372 601 1440 ei
631 1373 777 1440 alterum
810 1393 914 1438 cornu
946 1371 1153 1457 confregisse
1187 1371 1304 1437 fabula

156 1488 373 1570 narrabatur,
398 1485 449 1552 ita
473 1488 512 1550 ut
535 1484 602 1550 iam
624 1483 684 1551 ille
708 1482 871 1550 resistere
894 1505 961 1550 non
983 1485 1108 1570 posset.

572 1841 689 1898 cnrvr
710 1840 896 1911 evaarvn.

432 2027 494 2092 DE
517 2024 737 2092 DELECTV
760 2021 1033 2092 VERBORVM.

249 2242 291 2309 In
312 2242 374 2310 hoc
403 2243 522 2331 capite,
553 2266 626 2310 eum
658 2242 698 2309 de
722 2240 855 2308 delectu
878 2243 1059 2308 verborum
1082 2239 1304 2307 Archilocheo

162 2375 265 2439 agere
288 2352 324 2418 in
346 2351 456 2418 animo
479 2353 534 2435 sit,
559 2375 630 2419 rem
654 2351 782 2417 adimus
807 2373 1006 2438 quamquam
1029 2351 1226 2439 quaestione
1249 2349 1305 2414 ad·

162 2461 296 2528 modum
319 2460 463 2548 dignam,
487 2465 601 2529 tamen
624 2461 731 2527 adhuc
754 2463 863 2527 totam
887 2461 960 2527 fere
983 2462 1180 2548 neglectam.
1221 2481 1306 2546 quae

161 2574 201 2637 ut
230 2570 445 2659 expediatur,
484 2570 671 2658 complures
705 2574 823 2657 partes
858 2570 968 2637 statui
997 2593 1132 2637 necesse
1165 2573 1227 2636 est.
1273 2567 1308 2633 in

160 2678 275 2768 priore
299 2679 489 2763 videamus,
526 2702 688 2767 quasnam
710 2702 810 2746 voces
833 2682 869 2746 et
890 2679 1017 2766 figuras
1053 2679 1162 2767 epicos
1187 2678 1307 2744 Archi-

159 2788 275 2856 lochus
300 2789 469 2877 receperit
493 2812 575 2877 quus
600 2789 641 2856 de
666 2812 724 2856 suo
748 2789 982 2856 immutaverit
1015 2811 1097 2876 quas
1131 2811 1236 2854 novas
1260 2787 1308 2853 in-

161 2896 315 2983 duxerit3
347 2898 410 2964 hac
433 2898 489 2966 via
512 2898 639 2964 certius
656 2898 828 2985 cognitum
851 2897 896 2964 iri
913 2921 1086 2986 speramus
1110 2921 1176 2963 non
1200 2898 1307 2964 solum

160 3007 338 3095 inquibus
371 3011 446 3075 tota
469 3007 668 3074 Archilochi
694 3011 790 3074 aetas
825 3008 984 3095 loquendi
1015 3031 1079 3074 usu
1113 3011 1149 3074 et
1172 3006 1308 3074 vivendi

162 3117 295 3184 ratione
328 3119 369 3184 ab
392 3119 540 3185 Homero
572 3118 727 3203 differat,
764 3118 824 3184 sed
855 3118 957 3185 etiam
979 3116 1203 3185 Archilochus
1236 3116 1308 3203 ipse

162 3247 229 3312 qua
250 3228 327 3292 arte
362 3225 475 3312 epicae
507 3226 617 3313 poesis
642 3226 830 3313 exemplum
854 3234 987 3293 secutus
1021 3226 1067 3293 sit
1099 3230 1158 3293 aut
1193 3227 1234 3292 ab
1269 3247 1307 3292 eo

161 3329 353 3398 recesserit.
388 3391 390 3395 ,
433 3332 468 3397 in
491 3332 603 3398 altere
626 3335 725 3419 parte
748 3354 833 3419 quae
857 3333 898 3398 de
922 3331 1017 3419 copia
1033 3333 1213 3398 verborum
1236 3353 1309 3397 cum

161 3440 369 3526 quorundam
392 3440 561 3528 epicorum
583 3445 655 3508 tum
678 3441 905 3509 recentiorum
921 3441 1145 3508 Archilochea
1169 3439 1308 3506 dicenda

160 3551 241 3615 sunt
263 3547 424 3617 invenies.

715 3751 758 3822 A.

248 3877 399 3948 Primum
440 3878 548 3967 igitur
583 3877 780 3948 Archilochi
815 3879 982 3948 delectum
1022 3882 1202 3948 verborum
1228 3899 1309 3950 ‘cum

162 3987 256 4079 epioe
278 3990 373 4078 poesi
395 3991 627 4074 conferamus,
662 3995 701 4058 ut
723 3995 886 4078 quantum
909 3990 1042 4077 quidem
1064 3991 1099 4056 in
1121 3991 1183 4057 hac
1206 3995 1310 4059 mate·

160 4099 233 4167 riae
256 4099 402 4168 fortuito
419 4101 571 4169 traditae
596 4101 753 4168 exilitate
770 4124 955 4188 possumus,
973 4100 1131 4165 iudicium
1148 4101 1309 4168 faciamus

161 4209 201 4276 de
225 4209 560 4278 totoArohiloeheae
583 4211 708 4277 aetatis
732 4210 835 4294 cultu,
859 4213 1039 4299 praeterea
1070 4209 1109 4276 de
1133 4209 1220 4276 artis
1243 4211 1310 4277 Ar-

161 4317 303 4386 chilochi
334 4324 434 4409 parte
463 4342 675 4408 nequaquam
705 4319 927 4408 despicienda.
973 4323 1115 4407 propter
1147 4319 1311 4388 materiae

159 4429 365 4510 tenuitatem
399 4430 693 4517 quaestiunculam
727 4454 794 4498 uon
828 4429 1008 4496 seeundum
1039 4427 1151 4515 poesis
1184 4451 1311 4514 genera

161 4537 390 4624 discernimus
415 4563 456 4607 ne
473 4539 624 4608 disiectis
648 4542 749 4608 rebus
774 4540 865 4607 inter
889 4561 925 4606 se
948 4536 1197 4624 cognatissimis
1213 4560 1312 4625 quae·

160 4649 228 4717 stio
252 4652 422 4718 turbetur.
469 4652 589 4719 contra
621 4650 766 4718 maiores
801 4671 921 4720 vocum
954 4652 990 4716 et
1023 4669 1137 4716 rerum
1160 4647 1312 4716 affinium
