3186 5106
807 423 850 490 42

257 605 377 669 eontra
392 599 639 669 Eratosthenes
664 597 823 687 hymnum
847 622 920 668 esso
942 601 1087 689 putabat
1109 599 1239 689 triplici
1262 600 1398 688 ephym·

255 711 311 778 nio
335 711 483 777 καλλίνικε
505 710 670 798 insignem
679 710 726 794 ³⁵).
761 714 941 800 praeterea
963 710 1022 777 ille
1044 713 1173 795 τήνελλα
1196 710 1398 780 Archilocho

257 820 479 904 abiudicavit,
513 821 601 910 quod
635 844 673 888 eo
707 821 804 887 modo
829 825 941 887 ortum
964 843 1038 888 esse
1060 821 1167 904 dixit,
1201 823 1240 888 nt
1263 821 1399 889 tibicine

257 932 395 998 absente
413 932 576 999 exarchus
600 954 662 1020 pro
680 930 841 998 tibiarum
864 954 944 998 sono
968 933 1094 1016 τήνελλα
1114 931 1320 998 exclamaret
1343 930 1399 1002 ἔξω

257 1045 309 1104 τοῦ
334 1042 450 1127 μέλους,
475 1041 595 1108 chorus
619 1042 767 1106 καλλίνικε
790 1040 948 1122 adderet,
983 1039 1070 1108 unde
1101 1043 1230 1126 τήνελλα
1251 1041 1400 1106 καλλίνικε

255 1150 383 1218 factum
406 1173 479 1218 esse
502 1153 655 1238 putabat.
694 1151 734 1218 de
758 1151 819 1217 hoc
842 1153 1065 1217 comestarum
1089 1154 1190 1217 cantu
1214 1149 1294 1238 qnid
1315 1151 1400 1217 Era·

256 1260 432 1328 tosthenes
455 1260 666 1344 iudicaverit,
691 1259 830 1327 difficile
853 1259 946 1326 dictu
976 1263 1045 1344 est;
1080 1282 1158 1326 nam
1183 1259 1284 1348 plura
1313 1260 1400 1346 cogi·

256 1369 327 1435 tari
349 1375 508 1458 possunt:
539 1373 665 1456 τήνελλα
695 1369 778 1437 dicit
807 1372 848 1436 ab
879 1369 1021 1437 exarcho
1045 1370 1302 1458 pronuntiatum
1325 1392 1398 1436 esse

257 1475 314 1548 ἔξω
337 1483 389 1542 τοῦ
414 1478 538 1563 μέλους,
571 1479 707 1545 chorum
737 1478 885 1542 καλλίνικε
915 1477 1094 1563 adiecisse;
1125 1478 1183 1566 qui
1204 1482 1320 1545 utrum
1342 1501 1399 1566 po-

258 1594 333 1656 stea
354 1588 516 1674 hymnum
539 1587 699 1654 cecinerit
729 1610 772 1654 an
801 1586 886 1652 nihil
909 1585 1080 1654 addiderit
1110 1610 1177 1655 non
1207 1591 1301 1654 certo
1325 1610 1397 1653 con·

258 1701 339 1764 stat.
384 1696 569 1764 verisimile
600 1700 654 1763 est
683 1719 762 1764 sune
796 1719 870 1763 eum
904 1697 945 1763 de
977 1696 1049 1763 solo
1079 1695 1247 1764 versiculo
1271 1699 1397 1782 τήνελλα

257 1805 406 1869 καλλίνικε
429 1805 606 1892 cogitasse.
653 1804 741 1892 quod
764 1803 794 1870 si
816 1827 934 1872 verum
958 1807 1025 1888 est,
1059 1803 1162 1870 etiam
1185 1804 1292 1872 verba
1314 1824 1398 1891 quae

258 1916 418 1980 secuntur
440 1913 681 1981 Eratosthenis
705 1935 778 1980 esse
801 1912 979 1981 videntur:
1010 1915 1029 1998 ἡ
1055 1911 1088 1977 δὲ
1112 1912 1193 2000 ἀρχὴ
1216 1916 1269 1977 ταῦ
1294 1912 1398 1998 μέλους

258 2021 387 2109 (hymni
410 2021 539 2090 scilieet
561 2020 790 2108 Archilochei)
813 2021 905 2085 ἐυιίν·

431 2134 456 2194 ὧ
478 2131 627 2195 καλλίνικε
649 2129 726 2218 χαῖρ’
755 2130 825 2202 ἄναξ
845 2125 1022 2216 Ἡράκλεες.

257 2240 385 2328 primus
408 2239 516 2326 igitur
538 2262 657 2306 versus
690 2237 848 2306 trimeter
880 2236 1040 2305 iambicus
1064 2237 1219 2304 affertur.
1267 2237 1319 2303 sin
1341 2259 1397 2324 po·

257 2349 366 2414 nimus
388 2347 549 2434 hymnum
568 2346 765 2416 Archilochi
787 2368 807 2413 a
829 2347 930 2413 choro
954 2348 1127 2414 cantatum
1149 2369 1232 2430 esse,
1257 2367 1399 2434 quonam

257 2457 286 2522 is
310 2478 390 2522 usus
426 2455 473 2522 sit
494 2457 604 2521 metro
627 2455 811 2539 nescimus;
845 2477 952 2542 neque
984 2452 1072 2522 enim
1093 2456 1221 2540 τήνελλα
1243 2455 1398 2522 Archilo-

257 2565 372 2632 cheum
405 2588 478 2632 esse
512 2565 649 2653 putavit
677 2587 784 2653 neque
813 2557 908 2631 illa'm
939 2567 963 2629 ὦ
998 2564 1147 2629 καλλίνικε
1170 2568 1230 2629 κτλ.
1255 2565 1397 2632 formam

256 2676 291 2742 in
314 2674 423 2742 animo
446 2676 571 2742 habere
594 2675 725 2763 potnit,
759 2697 832 2740 cum
861 2697 879 2741 e
908 2673 1026 2761 primis
1058 2673 1172 2740 verbis
1196 2673 1398 2743 versiculum

257 2789 385 2871 τήνελλα
408 2787 556 2850 καλλίνικε
579 2784 743 2851 coaluisse
767 2787 929 2851 censeret.
963 2804 1068 2871 qnare
1091 2783 1171 2850 haec
1194 2785 1304 2852 altera
1327 2806 1399 2851 sen·

257 2896 368 2963 tentia
391 2893 559 2963 reicienda
583 2917 656 2960 esse
679 2892 825 2961 videtur.
871 2893 937 2958 iam
960 2893 1123 2979 neglectis
1156 2892 1233 2960 aliis
1263 2892 1398 2961 fabellis

257 3025 278 3070 a
301 3002 439 3091 Sybelio
463 3001 613 3088 Bergkio
636 3001 716 3068 iure
733 3000 900 3068 damnatis
924 3000 965 3067 de
988 3000 1228 3068 Eratosthenis
1260 3006 1297 3069 et
1318 3002 1397 3069 Ari-

260 3112 389 3180 starchi
422 3110 629 3178 auotoritate
664 3131 873 3198 quaeramus.
918 3109 1165 3177 Eratosthenes
1197 3111 1398 3179 Archilocho

259 3223 419 3308 hymnum
441 3220 476 3286 in
489 3219 669 3287 Herculem
694 3218 906 3303 vindicabat3
935 3218 1007 3286 sive
1031 3219 1224 3288 coniectura
1246 3243 1302 3288 eos
1326 3245 1400 3290 ver·

261 3330 383 3398 siculos
407 3329 571 3397 conclusit
593 3328 711 3415 hymni
733 3351 807 3396 esse
831 3327 903 3396 sive
926 3327 1060 3395 aliunde
1090 3329 1172 3396 talis
1195 3330 1340 3416 hymnus
1371 3331 1401 3398 ei

259 3444 360 3507 notus
383 3439 459 3523 fuit,
484 3438 520 3506 id
542 3437 695 3506 dubitari
715 3438 848 3525 nequit,
878 3436 959 3526 quin
990 3440 1032 3505 ab
1055 3438 1257 3506 Aristarcho
1279 3440 1401 3507 Pinda-

260 3548 356 3638 rique
380 3551 642 3615 commentatore
666 3546 811 3614 reieotus
836 3545 891 3613 sit.
990 3549 1028 3612 at
1050 3569 1156 3636 neque
1179 3547 1402 3616 Eratostheni

260 3681 367 3746 neque
380 3657 582 3724 Aristarcho
605 3656 777 3743 integrum
800 3677 934 3723 carmen
955 3658 1094 3744 praesto
1118 3655 1223 3724 fuisse
1246 3657 1400 3745 videtur3

260 3774 402 3856 uterque
426 3767 512 3835 enim
535 3790 601 3833 non
623 3764 817 3832 Archilochi
841 3788 958 3834 versus
981 3765 1151 3853 proponit,
1180 3767 1240 3833 sed
1262 3767 1403 3836 Pindari

259 3902 378 3946 versus
396 3877 552 3965 explicat.
591 3880 670 3942 utut
686 3875 767 3943 haec
790 3899 826 3941 se
841 3875 975 3958 habent,
1000 3897 1041 3942 ne
1057 3873 1253 3942 Aristarchi
1269 3877 1402 3964 quidem

262 3988 464 4056 sententiam
486 3990 603 4054 tenere
626 3984 723 4052 licet:
754 3985 956 4053 adversatur
988 3982 1075 4050 enim
1107 3987 1142 4052 et
1165 3985 1308 4052 Pindari
1330 4011 1402 4054 sen-

261 4097 390 4164 tentiae
415 4101 450 4164 et
474 4095 680 4163 Graecorum
704 4093 953 4162 consuetudini:
977 4093 1145 4161 Pindarus
1169 4111 1236 4161 non
1258 4095 1341 4163 dicit
1363 4099 1402 4164 ut

263 4207 485 4274 Aristarchus
516 4205 627 4273 voluit
655 4203 688 4269 τὸ
719 4202 892 4291 Ἀρχιλόχου
926 4204 1014 4290 μέλος
1045 4205 1182 4290 τριπλόυν
1215 4205 1316 4294 (quod
1345 4206 1402 4273 vix

335 4467 381 4536 35)
401 4476 497 4535 aperte
517 4466 639 4520 additum
658 4465 747 4520 estod
766 4465 921 4538 τρίστρυφαν.
958 4465 1092 4532 Bergkius
1111 4465 1196 4533 igitur
1218 4468 1329 4535 erravit,
1357 4468 1403 4538 qui

262 4567 354 4616 tamen
373 4569 430 4615 tres
450 4561 578 4629 strophas
597 4561 678 4615 ctiam
690 4559 870 4615 Eratostheni
885 4557 1050 4628 vindicabat,
1069 4560 1214 4632 ephymnia
1233 4566 1313 4616 terna
1335 4569 1402 4618 stro·

262 4655 325 4725 phis
343 4655 490 4710 inserebat.
