3186 5106
848 379 893 448 44

298 550 360 624 οὐδ’
386 555 474 644 οἰργύς
497 580 569 622 ποτε
592 553 743 626 coniecit.
789 560 904 626 tamen
935 555 1004 626 alia
1031 558 1087 628 via
1109 559 1356 648 procedendum
1378 565 1441 632 cst.

298 691 374 734 nam
398 668 538 753 οὐδαμῶς
562 668 734 756 scriptura
756 668 791 735 in
813 669 843 734 B
866 672 960 737 recte
982 670 1122 754 tradita,
1148 671 1183 737 iu
1206 672 1317 740 altero
1336 683 1357 760 ’ρ
1379 699 1442 764 pro

299 779 402 868 piper
425 801 577 846 errorem
600 777 729 865 scripta
753 801 825 846 esse
848 779 994 870 videtur.
1042 781 1184 866 οὐδαμῶς
1216 785 1329 850 autem
1358 785 1443 852 indi-

298 893 354 956 cat
376 887 507 976 triplici
528 888 622 955 laudi
645 889 795 956 additam
812 895 969 977 quartam
991 891 1153 976 negativa
1174 891 1284 978 figura
1307 893 1440 979 elatam,

297 999 317 1064 i.
332 1023 359 1066 c.
384 1001 524 1083 οὐδαμῶς
539 998 668 1086 <κακύς>,
695 999 749 1066 vel
771 999 884 1087 potius
909 1000 943 1066 id
966 1000 1056 1088 quod
1071 1000 1247 1068 Kaibelius
1264 1005 1444 1092 proposuit

296 1111 357 1174 οὐδ’
382 1109 480 1182 ἄλλοις
503 1111 593 1182 κακύς
616 1110 637 1175 i.
662 1133 688 1175 e.
713 1133 819 1198 neque
843 1109 921 1178 aliis
944 1110 1131 1178 nominibus
1156 1111 1299 1180 inutilis.

385 1219 457 1286 102.
483 1219 531 1305 (cf
544 1219 748 1306 leandrus.)
778 1219 814 1285 in
840 1219 992 1286 Bekkeri
1024 1220 1159 1287 scholiis
1190 1221 1331 1290 Arateis
1356 1223 1442 1290 1009

297 1329 375 1396 olim
398 1329 479 1396 haec
501 1330 721 1416 legebantur:
745 1327 794 1393 καὶ
818 1339 885 1416 παρ’
910 1327 1086 1417 Ἀρχιλύχωι
1109 1329 1155 1416 ὐφ’
1183 1334 1294 1418 ἡδονῆς
1318 1315 1442 1399 soledo-

298 1439 370 1523 μένη
395 1441 524 1523 κορώνη,
548 1438 607 1504 ubi
629 1437 815 1506 Meinckius
842 1438 922 1504 olim
945 1462 1018 1504 cum
1040 1439 1116 1506 veri
1139 1441 1249 1528 specie
1274 1443 1443 1530 οαλεομένη

296 1547 499 1633 corrigebat.
555 1549 643 1635 quod
673 1572 740 1615 non
773 1548 839 1614 iem
869 1548 966 1633 licet;
997 1571 1074 1615 nam
1101 1549 1136 1616 in
1166 1549 1301 1618 scholiis
1333 1567 1444 1640 nuper

297 1655 445 1722 inventis
471 1655 504 1743 (p
519 1655 579 1721 531
593 1657 727 1739 Massa,
741 1657 777 1722 cf
785 1657 873 1722 idem
884 1655 1016 1723 Aratea
1027 1681 1049 1744 p
1062 1658 1140 1744 354)
1159 1661 1265 1726 verba
1276 1660 1446 1748 singulari

295 1766 392 1832 modo
408 1768 508 1832 aucta
523 1768 621 1832 sunt:
645 1766 703 1832 ubi
724 1765 853 1852 legitur
876 1765 926 1832 καὶ
949 1767 1016 1853 παρ’
1036 1765 1214 1856 Ἀρχιλόχοιι
1235 1768 1255 1859 ἡ
1281 1769 1337 1857 ὑφ’
1359 1773 1446 1857 κηδο-Ἰ

297 1882 364 1961 νῆς
387 1878 638 1962 σαλευομένη
663 1878 819 1962 κορώνη

866 1989 967 2072 ὥσπερ
990 1986 1117 2074 κηρύλος

390 2109 393 2113 ⁴
469 2096 577 2182 πέτρης
601 2094 650 2160 ἐπὶ
672 2099 839 2183 προβλῆτος
862 2095 1068 2182 ἐπτεράσσετο.

293 2204 507 2272 nullomodo
531 2204 681 2272 dubitari
714 2209 848 2293 potest,
884 2205 963 2292 quin
998 2208 1103 2273 verba
1137 2206 1189 2273 ita
1211 2206 1443 2294 intellegenda

294 2315 363 2382 sint
386 2319 426 2381 ut
442 2313 667 2400 significatum
690 2319 759 2382 est:
784 2314 893 2402 prima
908 2317 1013 2383 verba
1035 2337 1102 2381 non
1114 2315 1310 2383 Archilochi
1333 2316 1441 2404 ipsius

296 2427 375 2491 sunt
399 2422 458 2490 sed
479 2424 743 2511 paraphrastae;
774 2429 894 2491 contra
917 2429 1016 2512 ῶσπερ
1048 2425 1092 2492 ad
1115 2427 1220 2492 verba
1242 2425 1441 2492 Archilochi

296 2531 499 2600 trahendum
522 2537 593 2600 est:
618 2533 733 2600 eodem
749 2534 846 2600 modo
861 2537 962 2622 atque
986 2558 1047 2621 ego
1064 2535 1257 2622 nuperrime
1273 2533 1439 2603 Maassius

293 2643 367 2730 ipse
389 2665 474 2730 quac
503 2643 538 2708 in
561 2642 702 2710 Arateis
727 2643 869 2710 dederat
893 2644 1121 2728 commutavit,
1147 2642 1204 2733 qui
1227 2643 1314 2713 vidit
1337 2644 1442 2712 etiam

182 2749 184 2752 ’
296 2754 329 2820 fr
342 2752 402 2818 141
427 2752 491 2817 huc
516 2756 680 2838 spectare.

382 2859 454 2926 143.
491 2861 662 2947 egregiam
685 2859 863 2946 imaginem
889 2859 1037 2926 Dielsius
1061 2860 1264 2929 Archilocho
1288 2862 1441 2932 reddidit

294 2971 423 3054 τέττιγος
454 2971 569 3057 ἐδράξω
593 2975 710 3057 πτεροῦ.
756 2993 833 3036 nam
864 2969 899 3034 in
926 2970 1040 3036 Herm.
1056 2970 1107 3052 23,
1122 2971 1186 3036 279
1213 2973 1365 3059 exempla
1386 2995 1442 3040 rc-

294 3076 487 3145 centissima
522 3075 672 3143 ostendit
705 3075 796 3141 illius
828 3079 941 3142 tactae
965 3075 1097 3144 cicadae
1132 3101 1216 3165 quae
1238 3081 1282 3146 ad
1298 3081 1441 3148 Luciani

297 3187 522 3275 paraphrasin
545 3190 580 3253 et
602 3188 643 3252 ab
658 3184 838 3272 Apostolio
863 3188 898 3251 et
922 3185 1084 3252 s'l'zetza
1099 3187 1175 3254 chil.
1188 3188 1222 3253 X
1234 3190 1298 3255 999
1313 3191 1439 3278 repeti-

254 3342 256 3348 «
294 3299 365 3361 tam
389 3298 619 3362 accesserunt:
641 3293 858 3361 Constantini
869 3293 994 3360 Rhodii
1006 3317 1057 3382 ap.
1072 3295 1242 3384 Matrang.
1257 3320 1309 3364 an.
1324 3299 1361 3364 Il
1373 3300 1439 3365 628

295 3406 400 3472 verba
422 3403 486 3469 ἐπεὶ
510 3409 623 3491 πτερῶν
647 3403 915 3490 τέττιγοςέὐράξω
939 3403 1078 3490 τάλαν’ὓ)
1102 3405 1291 3495 [leonisque
1315 3409 1440 3476 similia

297 3514 341 3580 ib.
355 3515 417 3580 537
450 3514 579 3598 τέττιγος
615 3513 773 3600 ἐδράξαντο
805 3518 857 3578 τοῦ
892 3518 999 3599 πτεροῦ
1033 3512 1120 3602 τάχα.
1167 3516 1254 3584 unde
1288 3517 1438 3588 Dielsius

296 3624 408 3692 effecit
431 3624 612 3692 dimetrum

466 3733 595 3815 τέττιγος
619 3731 734 3818 ἐδράξοι
759 3737 876 3818 πτεροῦ.

292 3844 373 3910 haec
396 3865 469 3909 cum
492 3841 616 3929 optime
650 3863 685 3908 se
716 3840 880 3924 habeant,
914 3845 1027 3907 tamen
1060 3840 1172 3909 nescio
1205 3865 1249 3910 an
1279 3844 1438 3916 trimetro

293 3952 514 4019 Archilochus
539 3974 619 4018 usus
643 3951 698 4018 sit.
743 3950 831 4039 quod
854 3954 889 4018 et
913 3949 1129 4018 Constantini
1151 3953 1266 4020 verbis
1290 3978 1439 4044 compro·

292 4061 367 4128 bari
383 4061 519 4129 videtur
542 4065 657 4147 πτερῶν
673 4059 801 4144 τέττιγος
820 4060 935 4146 ἐδράξω
959 4059 1085 4125 τάλαν
1110 4067 1145 4129 et
1161 4060 1304 4129 Luciani
1315 4063 1436 4134 Pseud.

293 4169 384 4236 1καὶ
415 4169 449 4235 οὐ
475 4171 613 4255 ὐὴ..ὦ
647 4171 902 4255 κακόδαιμον
936 4169 1136 4256 ἄνθρωπε,
1171 4172 1199 4234 τί
1220 4175 1285 4239 κτλ.
1318 4174 1436 4264 quibus

294 4275 380 4342 illud
401 4275 492 4341 τάλαν
515 4276 810 4344 circumscribitur.
846 4275 1005 4342 trimetro
1021 4278 1133 4344 autem
1156 4281 1261 4348 verba
1276 4282 1441 4372 adaptata

295 4392 375 4454 sunt
398 4388 460 4453 hoc
482 4385 578 4453 modo
1194 4395 1197 4404 ’
1258 4395 1259 4402 ’

355 4503 357 4510 ’
453 4503 527 4558 ὀ-
549 4494 643 4562 τάλαν
667 4497 795 4580 τέττιγος
819 4493 933 4581 ἐδράΕιο
957 4500 1073 4582 πτεροῦ,
1191 4488 1197 4501 ’

298 4599 352 4607 ,-,.
375 4599 413 4602 „-

303 4662 309 4676 „
367 4635 413 4708 36)
432 4635 547 4692 alterius
566 4615 661 4690 versus
687 4634 812 4690 vitiosum
826 4615 934 4690 initium
945 4633 1117 4704 Constantini
1137 4641 1178 4693 cst
1197 4635 1295 4710 ratpot
1310 4642 1442 4714 τῖγῶντος,
