3186 5106
786 360 829 434 15·

237 537 395 610 stimonia'
416 536 477 608 illa
499 541 684 610 redeamus
729 541 897 623 Pindarus
922 540 948 606 P
970 539 1065 609 1153
1089 539 1172 610 dicit
1196 541 1285 617 δάκος
1309 540 1377 608 ἀδι-

237 651 286 716 νὸν
309 656 488 738 κακηγοριᾶν
513 673 548 728 se
571 652 780 719 evitaturum
802 674 875 718 esse
893 651 1091 720 Archilochi
1112 652 1260 721 fortunis
1284 653 1379 719 edoc-

236 761 322 825 tum:
347 757 425 824 εἶδον
448 757 505 845 γάρ
529 758 598 833 ἑκάς
621 761 679 825 ἐὼν
703 758 739 823 τά
762 761 846 824 πόλλ’
868 761 898 825 ἐν
915 761 1081 847 ἀμαχανίαι
1095 761 1221 850 ψογερὸν
1246 760 1380 850 Ἀρχίλο-

236 891 291 952 χον
316 869 490 954 βαρυλόγοις
521 867 645 954 ἄχθεσιν
673 869 875 953 πιαινόμενονε
910 867 1150 935 Archilochum
1180 892 1380 958 quamquam

236 975 506 1062 vituperatorem
522 975 606 1044 dicit
622 975 736 1062 magni
759 975 927 1042 aestimat.
973 974 1168 1044 Herodotus
1188 977 1260 1043 112
1281 1001 1390 1068 quem·

235 1083 344 1157 locum
375 1084 500 1152 iniuria
531 1084 690 1152 delebant
714 1081 885 1171 Ἀρχίλοχον
918 1083 966 1148 τὸν
990 1083 1101 1171 Πάριον
1131 1085 1172 1152 de
1195 1085 1296 1174 Gyge
1327 1091 1378 1156 te·

234 1194 322 1260 stem
350 1194 455 1261 affert
477 1194 535 1282 qui
567 1193 644 1261 aliis
679 1193 763 1260 locis
785 1193 948 1260 Alcaeum
971 1192 1105 1283 Sappho
1128 1196 1379 1262 Anacreoutcm

235 1299 421 1368 Pindarum
443 1301 646 1369 Simonidem
669 1300 818 1388 respicit.
925 1301 1015 1389 apud
1037 1307 1155 1390 poetas
1179 1302 1319 1369 comicos
1344 1306 1379 1372 et

237 1408 388 1496 tragicos
413 1411 515 1478 etiam
548 1411 584 1476 in
616 1409 775 1497 singulis,
792 1410 917 1476 multas
950 1409 1156 1478 imitationes
1190 1403 1378 1479 invenimus

238 1540 318 1606 quas
344 1535 541 1586 enumerare
563 1542 631 1586 nou
652 1540 761 1585 meum
784 1519 888 1601 ἀντί),
922 1519 1083 1607 equibus
1115 1524 1212 1608 patet
1244 1524 1379 1608 poetam

235 1625 304 1693 illis
335 1627 544 1711 temporibus
567 1627 713 1694 Athenis
745 1627 881 1714 egregie
898 1627 1031 1706 ¹cultum
1054 1651 1143 1712 esse,
1176 1630 1212 1696 cf
1224 1651 1294 1719 cap.
1311 1630 1377 1696 HI.

233 1737 388 1805 Platonis
412 1736 621 1825 temporibus
644 1735 883 1803 Archilochum
912 1758 979 1803 non
1007 1737 1135 1804 minore
1169 1736 1376 1804 auctoritate

234 1869 329 1912 usum
361 1868 435 1912 esse
464 1845 541 1911 inde
576 1843 701 1923 elucet,
734 1842 897 1931 quomodo
929 1843 964 1908 in
996 1867 1035 1911 rc
1068 1844 1311 1931 postumae
1333 1843 1377 1909 ad

235 1946 306 2021 eius
330 1953 371 2021 de
395 1953 491 2020 simia
514 1957 549 2019 et
572 1952 673 2039 vulpe
696 1951 846 2019 fabulam
868 1952 1010 2019 alludit:
1034 1974 1111 2018 nam
1130 1975 1202 2018 cum
1219 1951 1301 2017 dicit
1323 1949 1376 2035 τὴν

236 2059 269 2124 δὲ
293 2065 344 2124 τοῦ
369 2061 547 2147 σοφωτάτου
570 2059 742 2147 Ἀρχιλόχου
766 2061 910 2124 ἀλώπεκα
939 2060 1055 2124 ἑλκτέον
1087 2060 1241 2131 ἐξόπισθεν
1272 2063 1377 2146 κερδα-

233 2169 302 2234 λέαν
326 2169 376 2233 καὶ
399 2169 533 2254 ποικίλην
567 2191 634 2235 non
666 2167 775 2236 nescit
809 2189 881 2234 eam
914 2168 1058 2248 omnium
1088 2167 1206 2234 animis
1237 2174 1376 2255 praesto

233 2298 316 2344 esse.
360 2277 476 2364 itaque
499 2274 795 2344 verisimilitudine
819 2277 961 2362 quadam
992 2299 1059 2342 non
1088 2278 1183 2342 caret
1214 2274 1275 2341 illa
1297 2274 1376 2341 Plu-

232 2385 343 2452 tarchi
365 2409 396 2455 v.
410 2385 531 2453 Pericl.
544 2386 587 2451 28
620 2384 877 2452 narratiuncula
906 2383 948 2451 de
980 2383 1113 2451 Pericle
1142 2383 1177 2450 in
1199 2383 1376 2471 Elpinicen

230 2493 453 2562 Archilocheo
478 2494 568 2560 dicto
592 2517 651 2560 uso
674 2493 709 2559 fr
732 2493 772 2558 31
798 2493 851 2555 ndu
876 2493 909 2557 ἀν
923 2492 1050 2577 ’μύροισι
1072 2498 1164 2577 γρηῦς
1186 2492 1266 2556 ἐοῦσ’
1291 2493 1376 2578 ἠλεί-

234 2625 314 2688 φετο.
431 2602 640 2670 Aristoteles
664 2601 700 2668 in
722 2608 798 2669 arte
821 2601 909 2669 rhet.
933 2601 1042 2667 11117
1066 2600 1263 2668 Archilochi
1285 2601 1375 2668 exhi-

232 2713 289 2780 bet
321 2711 508 2801 exemplum
536 2711 750 2780 imitandum:
784 2711 825 2783 είς
858 2709 945 2774 δὲτὸ
969 2711 1063 2796 ἦθος,
1095 2710 1198 2796 ἐπειδὴ
1223 2709 1286 2775 ἔνια
1310 2709 1376 2797 περὶ

231 2821 321 2887 αὐτοῦ
352 2823 448 2904 λέγειν
479 2827 499 2907 ἢ
532 2821 694 2906 ἐπίφθονον
726 2825 745 2904 ἢ
778 2818 977 2904 μακρολογίαν
1004 2824 1023 2904 ἢ
1048 2820 1214 2903 ἀντιλογίαν
1239 2817 1376 2906 ἔχεικαὶ

230 2929 297 3016 περὶ
320 2929 412 2995 ἀλλον
435 2935 455 3015 ἢ
479 2931 627 3014 λοιδορίαν
651 2934 671 3014 ἠ
696 2929 865 3016 ἀγροικίαν,
898 2929 997 3015 ἕτερον
1029 2927 1088 3015 χρὴ
1116 2928 1241 3011 λέγοντα
1270 2933 1374 3010 ποιεῖν,

231 3037 487 3126 ὅπερῚσοκράτης
512 3089 518 3102 .
544 3089 551 3102 .
575 3038 625 3102 καὶ
648 3042 689 3111 ὡς
705 3037 875 3126 Ἀρχίλοχος
900 3038 1001 3124 ψέγει·
1026 3041 1105 3102 ποιεῖ
1122 3035 1179 3124 γάρ
1195 3036 1244 3102 τάν
1260 3038 1374 3124 πατέρα

228 3149 352 3233 λέγοντα
385 3147 450 3235 περὶ
484 3156 537 3234 τῆς
561 3147 708 3235 θυγατρὸς
740 3148 770 3212 ἐν
803 3153 857 3212 τῶι
890 3146 1002 3233 ίάμβωι
1034 3146 1155 3230 (11·74)
1188 3145 1373 3233 ιΧργράτων

229 3257 355 3323 άελπτον
379 3259 464 3324 οὐδέν
488 3260 566 3322 ἐστιν
591 3257 654 3321 οὐδ’
680 3257 848 3342 ἀπώμοτον’
873 3255 924 3320 καὶ
950 3254 1000 3320 τὸν
1023 3254 1158 3341 Χάρωνα
1180 3254 1229 3321 τὸν
1249 3257 1382 3334 ’τέκτονα

228 3367 259 3440 ἐν
283 3367 396 3454 ἰάμβωι
419 3367 454 3432 οὗ
476 3370 496 3452 ἡ
521 3367 601 3453 ἀρχή
627 3366 673 3452 (fr
692 3366 748 3451 25)
773 3363 826 3430 ‘Od
852 3390 901 3449 μοι
924 3366 961 3429 τά
984 3365 1108 3448 Γόγεω’.
1155 3365 1248 3452 vides
1272 3365 1385 3434 etiam..

227 3479 308 3542 tunc
335 3475 484 3542 carmina
506 3475 684 3544 notissima
712 3473 817 3556 fuisse
848 3497 866 3541 e
897 3474 1016 3563 quibus
1039 3473 1248 3542 Aristoteles
1279 3475 1372 3562 leges

226 3583 313 3652 artis
337 3582 527 3652 deduceret.
594 3600 595 3604 ’

240 3743 243 3748 .
314 3691 421 3770 Inter
442 3697 560 3781 poetas
584 3690 835 3762 Alexandrinos
866 3690 1010 3783 primum
1042 3689 1228 3762 invenimus
1251 3690 1372 3760 Archi·

227 3795 315 3866 lochi
334 3802 600 3890 castigatorem.
644 3824 721 3869 nam
755 3802 979 3871 Callimachus
1018 3802 1053 3868 in
1087 3825 1161 3870 eum
1194 3802 1256 3870 hoc
1289 3803 1372 3886 facit

227 3907 433 3997 epigramma
455 3910 502 3997 (fr
524 3912 582 3978 37⁵
604 3911 639 3978 cs
649 3911 797 3979 Studem.
811 3911 981 3998 aalma

355 4018 472 4084 εἵλκυσε
495 4018 528 4083 δὲ
552 4020 654 4106 δριμύν
678 4045 711 4084 τε
732 4022 823 4107 χόλον
846 4020 931 4094 κυνὸς
954 4020 1002 4094 ὀξύ
1026 4045 1058 4085 τε
1079 4021 1196 4108 κέντρον

355 4129 480 4216 σφηκάς,
504 4128 554 4193 ἀπ’
580 4130 757 4217 ἀμφοτέρων
782 4129 808 4193 δ’
832 4131 877 4196 ’ίον
900 4129 965 4217 ἔχει
988 4119 1154 4216 στομάτων.
1287 4150 1290 4154 ·

230 4277 437 4296 Qu.-

295 4379 324 4450 3)
343 4395 506 4450 quamquam
525 4377 669 4451 Deducta,
691 4381 775 4440 Arch.
791 4381 853 4440 Par.
874 4383 937 4454 quid
958 4383 985 4438 iu
1005 4401 1045 4452 gr.
1065 4383 1120 4441 lin.
1139 4383 1176 4440 sit
1195 4380 1369 4439 tribuendum

222 4469 284 4527 Hal.
298 4474 364 4531 1877
375 4476 439 4543 poc
447 4479 497 4543 sqq
514 4477 706 4545 quaestionum
726 4477 916 4548 imperfectam
935 4478 1057 4548 reliquit.
1094 4478 1128 4534 de
1153 4480 1293 4534 nonnullis
1322 4495 1369 4534 oo·

221 4565 300 4622 cibus
320 4567 348 4622 iu
368 4583 428 4637 cap.
443 4568 481 4624 lV
501 4585 621 4638 agemus.
