3186 5106
354 567 513 646 Ἀθάνατος
537 597 584 638 σοι
604 572 673 646 παῖς
695 569 745 637 καί
768 572 903 658 ἀοίδιμος
927 574 952 637 ὦ
975 569 1161 646 Τελεσίκλεις

355 681 1285 770 ὢῶὰῶώωήώψωωψωψ·

356 791 426 877 νηδς
449 799 503 877 σῆς
527 792 681 880 ἀποβάντα
704 793 790 880 φίλτρ
811 794 842 857 ἐν
865 794 984 880 πατρίδι
1006 793 1100 878 γαίηι.
1199 829 1201 834 ·

220 887 374 990 ¹priorem
405 901 534 969 oraculi
565 909 697 992 partem
722 903 937 976 ἀθάνατος-
970 903 1140 989 ἀνθρώποις
1163 891 1296 967 Oenom.
1316 920 1369 986 ap.

217 1009 347 1077 Ευεολο.
358 997 400 1096 ²²)
419 1034 471 1100 pr.
483 1035 533 1079 eu.
547 1012 580 1080 V
596 1013 637 1078 33
661 1011 798 1101 repetit.
844 1013 934 1101 quod
957 1011 1127 1079 oraculum
1151 1033 1189 1078 eo
1217 1011 1369 1096 tempore

224 1125 336 1186 ortum
359 1142 432 1187 esse
455 1124 599 1210 apparet
622 1145 686 1210 quo
710 1120 906 1189 Archilochi
937 1144 1056 1188 nomen
1078 1142 1235 1206 magnum
1256 1115 1368 1186 reddi-

222 1232 296 1297 tum
318 1229 462 1296 omnium
485 1231 521 1299 in
543 1254 602 1299 ore
625 1235 835 1300 versaretur.

311 1337 436 1406 Cetera
467 1344 580 1408 autem
611 1365 678 1408 non
710 1341 781 1409 sine
813 1341 930 1408 fructu
951 1363 1011 1409 nos
1034 1341 1281 1428 perscrutatos¹
1294 1359 1367 1404 csse

221 1450 315 1536 puto.
361 1470 438 1515 nam
470 1471 553 1539 quae
576 1449 618 1517 da
641 1449 771 1518 colonia
794 1450 933 1534 Thasia,
962 1449 1004 1518 de
1037 1471 1161 1536 genero
1191 1449 1227 1513 et
1256 1447 1367 1512 morta

222 1555 419 1623 Archilochi
447 1555 634 1624 audivimus
666 1579 769 1626 verae
801 1558 980 1626 memoriae
1003 1555 1192 1645 antiquitus
1215 1551 1366 1620 traditae

223 1662 339 1732 debari
360 1664 520 1731 videntur
552 1668 654 1754 atque
687 1664 789 1753 digna
819 1666 938 1756 quibus
967 1665 1002 1733 in
1029 1662 1224 1754 exponenda
1246 1660 1368 1728 Archi.-

222 1772 311 1839 lochi
332 1773 407 1841 vita
429 1777 574 1841 utamur.

309 1883 351 1948 In
374 1906 437 1972 quo
461 1883 598 1969 negotio
620 1883 763 1951 multum
788 1884 987 1952 adiuvamur
1011 1882 1141 1951 Critiae
1170 1878 1365 1949 testimonio

222 1991 312 2079 apud
343 1991 524 2058 Aelianum
557 1993 732 2061 v.h.X13
765 2000 919 2062 servato:
953 1995 1082 2058 αἰτιᾶται
1111 1990 1233 2078 Κριτίας
1268 1987 1367 2075 Ἀρχί-

222 2103 311 2187 λοχον
336 2091 379 2165 δ’τι
409 2101 534 2167 κάκιστα
563 2102 668 2168 ἑαυτὸν
699 2101 795 2168 εἶπεν·
827 2105 852 2168 εἰ
881 2101 938 2189 γὰρ
970 2105 1022 2188 μή,
1047 2102 1146 2189 φησίν,
1170 2101 1280 2172 ἐκεῖνος
1303 2124 1366 2164 τοι-

222 2209 314 2295 αὐτην
345 2212 431 2282 δόξαν
463 2211 535 2297 ὑπὲρ
566 2213 674 2276 ἑαυτοῦ
706 2213 748 2285 εἰς
778 2212 846 2286 τοὺς
862 2206 1016 2298 Ἕλληνας
1046 2211 1217 2296 ἐξήνεγκεν,
1253 2209 1305 2273 οὐκ
1329 2207 1364 2271 ἂν

221 2321 399 2406 ἐπυθόμεθα
421 2324 507 2406 ἡμεῖς
531 2320 598 2386 οὔτε
620 2315 665 2386 δτι
685 2319 825 2395 Ἐνιποῦς
849 2321 911 2395 υἱὸς
933 2323 970 2408 ἦν
993 2329 1045 2407 τῆς
1069 2321 1193 2405 δούλης,
1229 2318 1294 2382 οὐδ’
1320 2307 1365 2381 ὅτι

218 2424 1363 2518 ΜΜώΜωΜωΜΜωΜᾎΜὰΜΜΜ’

222 2529 266 2603 δτι
298 2541 397 2605 ἐλθὼν
427 2543 486 2614 τοῖς
518 2543 648 2607 ἐνταῦθα
680 2541 790 2629 ἐχθρὸς
819 2543 952 2626 ἐγένετο,
987 2541 1053 2607 οὔτε
1087 2541 1143 2626 μὴν
1176 2531 1220 2603 δτι
1252 2537 1363 2623 ὁμοίως
1396 2573 1400 2581 ·

220 2647 1362 2740 Μψὼωὼὼψψωώῶμψᾱῶὠωῆ

223 2749 1362 2848 ffimffihwwhffiffiwmffldfflmdffifflmffim

222 2865 289 2931 οὔτε
312 2858 356 2932 δ’τι
379 2867 485 2954 λοίγνος
508 2868 557 2934 καί
582 2869 736 2956 ὑβριστής,
761 2867 810 2935 καί
833 2868 866 2934 τδ
888 2869 931 2934 ἔτι
954 2868 1067 2934 τούτων
1091 2869 1218 2956 αἴσχιον,
1242 2859 1287 2932 ὅτι
1309 2865 1362 2951 τὴν
1424 2853 1431 2868 ⁵

221 2976 333 3042 ἀσπίδα
356 2977 514 3065 ἀπέβαλεν.
554 2980 607 3043 οὐκ
631 2978 745 3064 ἀγαθὸς
766 2979 824 3066 ἄρα
839 2980 876 3066 ἧν
897 2981 912 3043 δ
929 2976 1100 3067 Ἀρχίλοχος
1116 2977 1225 3063 μάρτυς
1241 2978 1361 3057 ἑαυτῶι,

219 3093 349 3152 τοιοῦτον
390 3087 476 3160 κλέος
515 3088 669 3153 ἀπολιπὼν
706 3087 757 3154 καὶ
789 3089 926 3175 τοιαύτην
958 3090 1069 3153 ἑαυτῶι
1099 3089 1214 3173 φήμην.
1269 3087 1363 3150 ταῦτα

219 3194 1363 3285 fflfffflfflwmmmffihmmwmm

138 3376 141 3382 ,
220 3303 359 3373 Orosius
382 3328 449 3373 non
479 3305 699 3374 confidentius
723 3307 875 3396 loquitur
896 3332 918 3397 p
937 3304 1011 3390 491,
1028 3307 1071 3373 58
1099 3327 1160 3394 per
1183 3302 1363 3370 Aelianum

219 3413 348 3482 factum
370 3436 443 3481 esse
466 3413 613 3481 videtur.
650 3418 687 3482 at
702 3414 866 3482 Aelianus
889 3414 989 3481 iniis
1012 3436 1097 3504 quae
1120 3413 1161 3481 de
1185 3435 1244 3480 suo
1267 3434 1364 3500 prae·

221 3521 315 3590 misit
349 3521 469 3590 infelix
504 3521 591 3589 fuit:
625 3544 732 3611 nequa
765 3523 880 3591 verbis
912 3513 957 3588 δτι
987 3523 1112 3588 κάκιστα
1146 3523 1251 3588 ἑαυτὸν
1282 3521 1363 3590 εἶπεν

218 3652 291 3698 rem
313 3635 487 3700 assecutus
512 3634 566 3698 est
587 3653 648 3698 nec
669 3636 762 3700 reete
782 3632 926 3701 Critiam
948 3632 1031 3700 dicit
1052 3632 1249 3701 Archilochi
1271 3654 1365 3701 aoou·

221 3744 378 3809 satorem.
418 3740 633 3808 immoilliua
657 3744 693 3809 at
716 3741 890 3809 consilium
913 3744 949 3809 et
978 3741 1165 3809 auctoritas
1190 3741 1299 3810 elucet
1322 3766 1364 3811 ex

219 3849 262 3916 iis
285 3838 400 3917 verbis
423 3849 542 3939 quibus
566 3850 732 3939 ipsoram
755 3851 1007 3941 comprehendit
1029 3851 1083 3917 οὐκ
1107 3849 1222 3935 ἀγαθὸς
1245 3850 1304 3938 ἄρα
1326 3853 1363 3938 ἦν
1414 3876 1418 3886 ·

220 3959 236 4020 δ
261 3955 432 4046 Ἀρχίλοχος
456 3957 601 4045 μάρτυς
622 3960 749 4024 ἑαυτῶιε
781 3959 1013 4028 testimonium
1040 3958 1200 4027 habemus
1232 3982 1274 4027 ex
1295 3959 1363 4026 Ar·

297 4236 343 4306 27)
361 4251 440 4305 quom
460 4234 651 4292 Theodoretur
670 4252 711 4306 gr.
731 4235 776 4291 aff.
794 4251 851 4290 cur.
872 4251 890 4303 p
911 4235 985 4305 1⁴1„
1004 4234 1160 4303 exscripsit.
1177 4265 1212 4276 -
1231 4237 1284 4292 Dio
1300 4238 1364 4296 Chr.

221 4331 309 4383 or.23
325 4330 476 4386 1213003
496 4329 567 4384 idem
580 4337 703 4400 spectat:
723 4335 853 4404 τοιγαροῦν
874 4331 949 4401 μόνος
967 4329 1011 4384 οιαὶ
1030 4330 1093 4400 μετὰ
1111 4331 1228 4403 τελιυτλρν
1246 4331 1290 4385 οιαὶ
1307 4333 1363 4405 πρίν

220 4422 237 4495 ἢ
256 4422 368 4494 γινέσθαι
386 4428 432 4496 τῆς
459 4423 575 4497 μεγίστης
597 4424 671 4498 ἔτυχε
689 4426 827 4498 μαρτυρίας
845 4425 912 4498 παρὰ
931 4429 976 4478 τοῦ
996 4423 1124 4494 δαιμονίου
1143 4463 1150 4478 .
1169 4462 1177 4477 .
1196 4461 1203 4477 .
1222 4432 1270 4480 τῶι
1288 4429 1364 4500 πατρὶ

222 4517 248 4570 δὲ
274 4516 351 4570 αὐτοῦ
377 4520 526 4592 χριωμένωι
551 4519 599 4592 πρδ
624 4525 670 4593 τῆς
695 4520 819 4592 γενήσιιος
845 4517 970 4573 ἀδαίνατίν
996 4519 1020 4572 οἱ
1043 4518 1119 4572 παῖδα
1144 4519 1170 4589 (δ
1189 4517 1282 4580 litto:
1300 4520 1363 4594 ἔφη)

220 4610 375 4686 γενήσεσθαι.
