3186 5106
822 352 863 425 la

263 531 395 623 ,ἥδυσμά
414 562 441 602 τι
464 529 623 621 περιτιθεὶς
645 541 695 620 τῆι
717 537 837 619 ποιήσει
868 535 972 619 μύθοις
997 533 1083 622 (oda)
1111 522 1241 617 ὀλιγάκις
1264 531 1415 620 ἐχρήσατο

272 649 334 710 κτλ.
367 646 403 712 cf
414 669 435 734 p
451 645 551 711 aava.
597 644 655 712 sed
678 667 719 710 ne
742 643 839 711 nimis
870 644 1075 711 festinanter
1098 643 1356 731 progrediamur
1379 640 1415 706 id

272 777 337 821 uno
370 756 473 822 verbo
505 757 644 839 tangam
676 751 778 818 etiam
806 753 1104 839 grammaticorum
1113 753 1138 840 ⁶)
1169 774 1250 819 cura
1279 752 1320 818 de
1349 772 1415 838 qua

273 862 308 928 in
330 861 483 950 proximo
506 860 617 949 capite
635 859 801 946 agendum
825 861 892 928 erit
913 883 1068 948 magnam
1084 859 1280 927 Archilochi
1302 862 1415 925 aucto-

273 971 415 1038 ritatem
438 968 659 1057 comprobari.
676 1039 678 1044 ,

271 1137 275 1142 .
360 1077 457 1143 lnter
480 1077 649 1142 Romanos
672 1073 822 1140 Lucilius
848 1073 1003 1141 Catullus
1023 1074 1186 1141 Horatius
1211 1097 1285 1141 eum
1309 1073 1416 1141 secuti

274 1189 369 1268 sunt;
394 1183 452 1271 qui
467 1182 586 1270 quanti
601 1180 840 1248 Archilochum
855 1181 1090 1249 aestimaverit
1106 1182 1182 1249 inde
1199 1181 1414 1268 intellegitur

274 1289 363 1378 quod
384 1287 628 1356 Alexandrinis
659 1287 769 1375 poetis
799 1286 963 1373 neglectis
993 1286 1036 1352 ad
1060 1288 1130 1354 eius
1154 1287 1340 1375 exemplum
1363 1309 1416 1354 re-

275 1397 348 1465 diit.
382 1436 425 1445 —
459 1400 578 1464 auctor
607 1395 716 1463 libelli
748 1396 983 1488 ntqompbl
1018 1397 1122 1464 affert
1143 1398 1326 1464 Homerum
1350 1395 1416 1484 epi-

273 1528 330 1574 cae
351 1507 473 1594 poesis,
508 1505 747 1572 Archilochum
770 1504 946 1592 elegiacae,
979 1505 1163 1572 Pindarum
1185 1505 1325 1591 lyricae,
1358 1505 1417 1572 So-

275 1616 426 1706 phoclem
464 1613 662 1701 tragoediae
700 1630 844 1680 summos
881 1618 999 1702 poetas
1011 1614 1035 1700 ἲ)
1073 1615 1192 1702 quibus
1230 1615 1417 1683 deteriores

274 1724 492 1812 Apollonium
528 1723 793 1790 Eratosthenem
829 1723 1068 1810 Bacchylidem
1103 1724 1219 1791 loncm
1261 1723 1418 1814 opponit;

274 1837 376 1923 atque
393 1833 434 1900 de
453 1831 656 1898 Archilocho
671 1831 754 1898 dicit
777 1832 805 1895 τί
821 1833 869 1911 δέ;
891 1830 1114 1918 Ἐρατοσθένης
1137 1835 1166 1897 ἐν
1189 1841 1239 1919 rip
1258 1831 1418 1920 Ἠριγόνηι

274 1941 338 2028 (διὰ
361 1935 478 2008 πάντων
500 1939 557 2028 γοίρ
581 1943 744 2026 ἀμώμητον
767 1939 800 2004 τὸ
823 1935 1013 2026 ποιημάτιον)
1039 1941 1220 2028 Ἀρχιλόχου
1244 1943 1341 2007 πολλὰ
1368 1941 1416 2006 καὶ

275 2053 492 2136 ἀνοικονόμητα
522 2050 743 2136 ταρασδροντος
774 2050 912 2135 κάκείνης
945 2058 997 2136 τῆς
1029 2052 1154 2138 ἐκβολῆς
1185 2058 1236 2117 τοὺ
1266 2052 1418 2137 δαιμονίου

273 2160 439 2244 πνεύματος
462 2161 497 2245 ἢν
521 2158 579 2236 bad
600 2161 689 2243 νόμον
712 2151 796 2230 τάξαι
820 2159 972 2242 δύσκολον,
997 2158 1055 2244 ἆροι
1079 2159 1116 2244 δὴ
1142 2161 1252 2244 μείζων
1275 2163 1416 2245 ποιητής;

273 2270 368 2352 vides
402 2291 500 2358 quam
531 2267 605 2334 viro
628 2266 897 2353 ingeniosissimo
919 2267 955 2333 in
976 2267 1174 2334 Archilochi
1195 2269 1340 2334 animum
1362 2292 1419 2358 pe-

275 2385 416 2446 netrare
439 2375 632 2462 contigerit,
667 2397 763 2463 quem
794 2399 855 2442 nos
886 2399 948 2462 pro
980 2375 1201 2464 reliquiarum
1233 2378 1419 2464 exiguitate

276 2487 371 2575 sequi
392 2508 458 2552 non
480 2484 656 2573 possimne.
707 2484 948 2552 Archilochum
977 2489 1016 2551 ut
1050 2487 1128 2550 ἐπῶν
1159 2489 1294 2573 poetam
1323 2508 1419 2573 prae-

273 2601 329 2664 ter
362 2595 448 2660 hunc
480 2597 515 2661 et
539 2592 714 2660 Theocriti
744 2593 852 2660 locum
884 2601 987 2661 antea
1016 2595 1229 2683 propositum
1257 2594 1292 2660 in
1316 2595 1418 2663 schol.

277 2704 359 2770 Bob.
376 2702 412 2768 in
435 2701 501 2769 Cic.
515 2725 578 2789 pro
594 2701 697 2769 Aroh.
713 2726 734 2789 p
751 2703 815 2770 358
832 2703 889 2768 Or.
915 2733 955 2758 =
982 2702 1156 2789 [Aristot]
1180 2703 1214 2768 fr
1231 2704 1294 2769 676
1310 2705 1342 2770 R
1366 2703 1416 2770 ed.

279 2813 363 2882 1886
387 2811 573 2880 invenimus
596 2811 632 2878 id
655 2811 743 2900 quod
765 2812 827 2879 hoc
849 2811 921 2879 loco
946 2812 1115 2879 subiciam.
1232 2815 1239 2840 ⁶

339 2921 417 2992 ,Ex
440 2919 590 2986 omnibus
614 2917 665 2986 his
689 2918 892 2986 testimoniis
914 2906 1007 2987 certo
1024 2924 1167 3008 apparet
1182 2920 1420 2988 Archilochum

274 3053 335 3118 per
359 3033 468 3097 totam
491 3028 731 3116 antiquitatem
754 3051 881 3095 summa
903 3028 1110 3096 auctoritate
1127 3034 1162 3097 et
1183 3029 1307 3097 honore
1330 3031 1419 3098 fruc·

275 3143 347 3211 tum
381 3161 462 3204 esse.
519 3142 698 3225 praeterea
732 3140 845 3203 autem
877 3160 977 3202 unum
1011 3136 1281 3205 testimoniorum
1313 3161 1419 3225 genus

275 3249 371 3336 extat
402 3244 490 3332 quod
521 3245 766 3332 antiquioribus
792 3245 1001 3332 temporibus
1033 3245 1163 3313 omnino
1194 3246 1267 3312 fere
1289 3245 1420 3313 inaudi-

275 3358 349 3444 tum
382 3353 691 3421 Alexandrinorum
724 3361 838 3422 aetate
879 3359 990 3420 ortum
1032 3362 1174 3422 exeunte
1213 3355 1420 3442 antiquitate

275 3463 376 3550 longe
416 3462 648 3551 praevaleret:
691 3462 915 3549 malignitatis
957 3463 1183 3551 opprobrium.
1236 3485 1316 3530 sane
1354 3489 1421 3532 non

278 3573 435 3656 deerant,
469 3573 527 3660 qui
558 3596 630 3640 eam
652 3573 762 3660 poesis
785 3573 921 3660 generis
945 3573 1133 3640 acerbitate
1156 3572 1376 3642 defenderent
1386 3574 1420 3661 ⁸).

347 3801 376 3870 6)
396 3801 466 3855 sicut
492 3799 564 3868 apud
594 3800 722 3854 metricos
750 3800 899 3868 scriptores
927 3802 1113 3855 nobilissimus
1142 3801 1288 3857 multorum
1316 3813 1421 3858 metron

271 3895 507 3962 'stropharumque
527 3892 626 3965 εὑρετής
646 3893 770 3946 babetur.
807 3893 835 3946 cl
847 3895 1008 3948 Deutickius
1028 3895 1046 3948 l.
1060 3894 1076 3948 l.
1097 3896 1240 3964 pra-sa.

350 3989 377 4056 7)
397 3986 504 4041 eosdem
525 3986 636 4040 exbibet
657 3987 751 4039 Cicero
772 4003 811 4040 or.
833 3992 862 4039 4:
892 3991 966 4041 ‘aum
990 3987 1021 4040 ιἰι
1042 3988 1131 4058 poetis
1157 4005 1214 4042 ιιυιι
1233 3989 1350 4044 Homero
1368 3989 1422 4045 soli

276 4080 351 4134 locus
370 4087 415 4147 est,
444 4085 475 4134 ut
493 4079 525 4133 de
549 4078 663 4133 Graecis
681 4080 791 4147 loquer,
822 4087 871 4134 aut
889 4080 1050 4134 Archilocho
1068 4088 1117 4135 aut
1137 4081 1265 4150 Sophocli
1284 4092 1334 4138 aut
1351 4084 1419 4138 Pia·

275 4175 357 4235 doro‚
387 4173 546 4227 scothorum
564 4174 606 4226 vel
624 4173 750 4226 secundis
774 4175 816 4226 eal
838 4172 916 4238 iufra
942 4174 1089 4228 secundos.
1128 4175 1160 4228 da
1179 4175 1222 4228 fin.
1234 4177 1259 4230 ll
1276 4179 1322 4230 115
1342 4178 1421 4231 Hom.
1443 4224 1451 4237 ,

277 4269 360 4320 Arch.
380 4267 457 4320 Pind.
478 4265 566 4321 affert.

350 4362 378 4429 8)
398 4378 420 4415 e.
440 4378 465 4428 g.
486 4361 571 4414 schol.
589 4360 727 4429 'Lycopbn
748 4363 882 4428 p254bl:
903 4347 1096 4436 Ἰαριβοχράρων
1116 4363 1141 4416 δὲ
1160 4365 1420 4437 ποιητῶνχνώρισμα

274 4453 392 4526 λοιδορίαι
425 4454 455 4507 δι’
477 4454 578 4526 ἰάμβων
603 4452 658 4507 ιιτλ.
682 4454 797 4508 Aristid.
817 4454 991 4510 46113801)
1018 4454 1187 4530 (Ἀρχίλοχον)
1215 4459 1241 4517 ὃς
1266 4460 1295 4512 τδ
1318 4461 1420 4513 πάντων

276 4548 364 4624 ἔξοχον
383 4550 426 4602 καὶ
445 4549 639 4622 δυσχερέστατον
659 4547 722 4608 εἶδος
740 4553 786 4620 τῆς
803 4550 1131 4626 ποιήσιιυςρετεχειρίζετο
1150 4551 1204 4606 ιιτλ.
