3186 5106
769 373 812 438 38

215 549 301 618 unde
313 549 426 618 altera
438 551 538 616 aucta
551 551 651 633 osset;
670 546 758 634 apud
766 545 1005 614 Archilochum
1018 544 1069 613 ite
1082 568 1216 614 versum
1227 543 1364 613 fluxisse

389 657 466 723 ἀλλά
490 683 540 742 μοι
563 658 659 743 pona
682 681 723 729 τις
747 653 792 742 εἴη
816 654 889 720 κάπὶ
911 657 1067 741 ratpotone
1092 655 1190 727 δασύς.

214 767 383 835 atDionis
407 769 512 836 verba
534 766 664 850 ultima,
689 788 774 853 quae
797 789 864 832 non
886 769 1019 833 mutata
1036 769 1277 833 tetrametrum
1293 764 1363 831 effi-

218 875 327 960 ciunt,
362 876 481 945 divelli
502 897 569 943 non
590 869 743 964 possunt.
777 875 879 964 quid?
914 875 944 942 si
967 875 1131 962 genuinus
1156 874 1227 941 sit?
1262 873 1364 942 etiam

217 986 299 1053 haec
323 985 492 1052 sententia
514 984 604 1052 falsa
627 989 689 1051 est.
728 1006 805 1050 narn
828 989 972 1072 apparet
995 986 1102 1052 verba
1124 982 1186 1050 illa
1203 984 1364 1071 ἀσφαλέως

216 1097 352 1184 βεβηκὼς
385 1095 488 1162 etiam
520 1093 671 1162 aDione
694 1093 835 1160 laudata
869 1093 1077 1160 omnimodo
1112 1093 1258 1160 tenenda
1281 1117 1363 1162 esse.

161 1227 166 1234 ·
215 1205 335 1292 quibus
364 1204 507 1272 statutis
537 1225 644 1292 pauca
678 1205 784 1271 verba
815 1206 999 1291 supersunt
1029 1202 1104 1268 ἀλλά
1136 1229 1185 1289 μοι
1209 1201 1255 1289 εἴη
1279 1225 1363 1291 quaa

219 1314 290 1380 sine
314 1313 413 1380 dubio
438 1336 512 1380 eum
534 1335 670 1380 versum
692 1316 964 1380 antecesserunt:
989 1335 1070 1400 ergo
1095 1318 1175 1380 sunt
1199 1334 1283 1400 quae
1299 1311 1363 1378 Dio

216 1422 379 1489 omiserit.
422 1423 489 1489 iam
512 1421 542 1489 si
563 1444 683 1489 versus
708 1420 811 1509 primi
834 1421 926 1508 μέγας
949 1420 1157 1510 respicimus,
1183 1422 1285 1507 μιαρός
1308 1443 1364 1487 ve-

220 1532 395 1599 hementer
411 1530 617 1620 postulatur.
652 1533 833 1618 praeterea
851 1530 913 1596 Dic
931 1530 995 1597 duo
1019 1530 1059 1597 de
1083 1530 1238 1598 cruribus
1262 1531 1365 1598 affert

220 1640 333 1709 altera
342 1640 503 1726 ἀσφαλέως
517 1643 654 1726 βεβηκώς
665 1639 810 1726 imagine
824 1638 1001 1708 disiuncla.
1027 1637 1366 1726 statigiturBergkii

216 1749 474 1837 interpretatio:
498 1749 563 1816 Dio
588 1772 661 1816 cum
684 1771 740 1816 eos
765 1771 884 1816 versus
903 1748 1097 1816 memoriter
1120 1749 1273 1840 afferret,
1297 1747 1365 1815 alia

222 1859 345 1941 omisit,
370 1883 411 1925 ex
434 1858 510 1926 aliis
535 1859 575 1926 de
599 1882 658 1926 suo
674 1883 797 1927 novum
812 1862 1051 1928 tetrametrum
1067 1858 1175 1926 finxit.
1265 1880 1366 1923 unum

214 1966 303 2056 quod
326 1970 438 2036 restat
462 1968 687 2056 quaerendum
699 1967 747 2051 32),
779 1970 894 2034 utrum
918 1968 1013 2052 ῥοικός
1046 1989 1089 2034 au
1113 1967 1214 2056 ῥαιβός
1237 1965 1364 2034 maiore

214 2081 334 2143 utatur
358 2077 574 2160 anctoritate,
599 2075 701 2146 alium
724 2077 758 2142 in
781 2076 889 2143 locum
913 2075 1111 2164 seponimus

305 2187 361 2256 86³
384 2186 447 2252 hoc
469 2185 697 2272 fragmentum
720 2208 740 2252 a
764 2186 891 2254 duobus
915 2189 1050 2253 tantum
1072 2185 1267 2253 auctoribus
1291 2188 1361 2254 tra·

215 2294 328 2362 ditur:
363 2317 440 2360 nam
474 2318 587 2362 omnes
619 2298 727 2362 testes
753 2295 811 2382 qui
832 2293 936 2359 ἔθεντο
971 2294 1176 2383 scripturam
1200 2294 1364 2382 praebent

217 2426 258 2470 ex
282 2426 347 2469 uno
360 2402 491 2469 Lucillo
507 2403 679 2470 'larrhaeo
696 2403 891 2486 hauserunt,
916 2402 952 2468 id
975 2402 1063 2490 quod
1086 2401 1148 2469 hoc
1169 2401 1243 2468 loco
1258 2416 1364 2490 neque

218 2534 354 2578 necesse
377 2515 412 2579 et
435 2511 572 2598 longum
595 2517 649 2580 est
673 2535 848 2601 exponere.
895 2512 931 2578 in
953 2536 1055 2580 versu
1084 2511 1190 2580 tertio
1213 2511 1364 2578 Lucillus

216 2621 409 2688 Tarrhaeus
440 2622 644 2710 scripturam
668 2622 789 2704 ἔθεντο,
824 2622 1027 2710 Apollonius
1061 2621 1179 2709 ἔμειξαν
1210 2623 1362 2710 praebet,

214 2733 392 2819 utramque
403 2731 616 2800 Eustathius.
648 2732 773 2799 dehac
797 2731 1027 2819 discrepantia
1050 2731 1130 2820 quid
1153 2731 1364 2798 indicandum

214 2840 342 2908 sitnon
359 2847 411 2908 est
429 2840 744 2930 dubium‚·quamvis
760 2843 865 2908 bonus
881 2842 983 2926 testis
996 2842 1147 2910 Lucillus
1164 2841 1220 2909 sit.
1259 2841 1362 2911 ἔθεντο

214 2951 256 3015 ab
269 2948 401 3016 homine
415 2948 625 3038 interpolata
641 2953 702 3032 est,
721 2948 776 3037 qui
791 2949 888 3016 verbi
904 2948 1020 3035 ἔμετξαν
1038 2948 1212 3016 translata
1226 2947 1363 3016 notione

214 3059 250 3122 et
263 3056 456 3144 pleonasmo
473 3056 721 3141 offenderetur3
746 3079 767 3122 a
782 3059 884 3144 poeta
899 3056 1008 3144 igitur
1024 3057 1135 3124 aliena
1152 3062 1214 3125 est.
1251 3080 1362 3145 quam·

214 3187 312 3253 quam
335 3189 406 3232 rem
429 3166 606 3252 attigimus
631 3165 715 3233 satis
732 3166 991 3250 memorabilem,
1017 3166 1088 3234 sive
1103 3166 1254 3234 Lucillus
1272 3168 1362 3234 siout

216 3273 418 3342 Eustathius
459 3275 624 3362 duplicem
658 3275 788 3342 invenit
826 3276 1029 3364 scripturam
1067 3276 1138 3343 sive
1167 3277 1364 3344 Archilochi

215 3382 366 3470 exemplo
400 3407 480 3450 usus
514 3390 567 3450 est
598 3385 640 3450 ab
665 3382 837 3471 Apollonii
870 3384 993 3451 alieno:
1028 3408 1134 3474 neque
1167 3385 1255 3452 enim
1283 3406 1362 3452 casu
1463 3443 1467 3447 .

217 3491 344 3558 factum
377 3497 438 3575 est,
474 3491 562 3578 quod
593 3491 743 3558 Lucillus
774 3491 888 3559 eodem
920 3492 993 3558 loco
1017 3516 1079 3581 pro
1103 3491 1244 3559 Hesiodi
1277 3514 1361 3580 quae

213 3621 273 3664 nos
296 3596 438 3684 legimus
455 3597 568 3666 verbis
593 3599 701 3665 0202
719 3602 887 3686 βασιλεῦσιν
910 3601 985 3687 ἐρέω
1010 3601 1168 3687 φρονέουσι
1191 3598 1239 3665 καὶ
1263 3601 1362 3676 αὐτοῖς

210 3706 292 3774 haec
314 3709 456 3794 praebet
481 3710 631 3796 licorlsdc'
655 3710 731 3796 ἐρέω
753 3711 871 3775 νοέουσι
894 3713 954 3774 κτλ.

297 3815 369 3882 lam
387 3816 428 3884 de
444 3816 485 3883 iis
501 3839 608 3904 pauca
626 3817 741 3903 dicam,
766 3841 850 3906 quae
874 3819 915 3886 dc
938 3819 1035 3886 novis
1056 3819 1254 3907 quibusdam
1270 3820 1362 3906 frag-

209 3923 331 3991 mentis
344 3923 536 4012 nuperrime
549 3924 617 3993 viri
632 3926 723 3993 docti
736 3930 952 4015 comprobare
966 3927 1181 3995 studuerunt.
1206 3927 1359 3996 Blassius

210 4033 246 4098 iu
270 4034 415 4100 Hermae
439 4033 790 4124 volxxxfflpssao
825 4036 965 4103 schedae
1003 4057 1215 4124 papyraceus
1238 4035 1360 4104 misero

210 4142 432 4209 detruncatae
444 4143 734 4214 Flinders-Petrie
750 4168 825 4235 pap.
844 4146 894 4212 ed.
908 4146 1087 4233 Mahaffyl
1098 4149 1168 4213 tab.
1180 4146 1264 4212 lva
1281 4145 1358 4213 reli-

210 4251 304 4339 quias
329 4250 587 4338 postDielsium
599 4253 801 4322 Archilocho
825 4253 1022 4324 vindicavit.
1069 4277 1149 4322 sane
1173 4255 1358 4324 verisimile

250 4566 251 4570 Ἰ
282 4504 329 4573 32)
348 4505 430 4559 etiam
449 4506 477 4559 in
498 4506 587 4562 verbis
607 4507 649 4561 καὶ
668 4509 723 4582 περὶ
735 4510 834 4582 κνήμας
854 4509 912 4563 ἰδεῖν
935 4508 1017 4582 ῥοικός
1037 4507 1208 4578 offendimur,
1228 4525 1279 4578 pro
1301 4509 1360 4578 qui·

212 4595 263 4650 bus
284 4597 427 4654 Kaibelius
447 4602 591 4670 proposuit
611 4602 654 4654 καί
669 4622 692 4656 τι
710 4603 753 4656 καὶ
772 4605 872 4676 κνήμας
892 4603 950 4658 ἰδεῖν
970 4601 1062 4677 ροικός.
