3186 5106
703 1609 828 1679 VITA.

279 1852 391 1920 Natus
425 1875 497 1919 sum
520 1852 596 1919 Vdo
620 1851 773 1949 Bahntje·
794 1848 894 1940 patre
917 1853 1110 1920 Hermanno
1132 1856 1243 1920 matre
1266 1852 1337 1918 Eli·

194 1963 315 2031 sabeth
337 1987 355 2030 e
377 1967 479 2050 gente
503 1963 676 2054 Luettgau
699 1961 734 2028 in
756 1961 830 2028 vioo
846 1961 1088 2029 Brunsviocnsi
1110 1960 1168 2049 qui
1191 1969 1244 2030 est
1259 1962 1335 2030 Bei-

195 2073 319 2146 enrode
342 2095 427 2140 anno
452 2072 590 2148 LXXV.
606 2072 729 2138 mensis
753 2071 886 2160 Aprilis
911 2071 964 2139 die
987 2071 1039 2156 X;
1074 2071 1153 2138 fidei
1179 2071 1334 2140 addictus

196 2203 268 2247 snm
292 2181 513 2268 euangelicae.
543 2179 766 2246 'fundamento
794 2201 815 2246 a
842 2182 941 2267 patre
964 2179 1075 2267 posito
1098 2179 1192 2246 nisus
1216 2179 1293 2246 indo
1316 2201 1337 2246 a

194 2314 275 2358 rere
306 2291 384 2357 anni
415 2290 619 2358 LXXXVII
641 2290 854 2376 Brunsvigae
878 2289 1057 2376 Gymnasii
1087 2288 1177 2357 Novi
1209 2289 1334 2356 classes

193 2402 349 2489 percurri
372 2405 407 2469 et
429 2400 574 2468 aliorum
597 2399 810 2486 egregiorum
837 2400 988 2466 virorum
1019 2403 1054 2466 et
1077 2397 1214 2466 Rudolfi
1237 2397 1337 2466 Mack

193 2508 372 2597 disciplina
395 2511 585 2578 institutus.

282 2621 455 2686 Autumno
486 2619 565 2686 anni
595 2619 709 2685 XCIV
740 2617 951 2685 maturitatis
983 2616 1214 2684 testimonium
1247 2638 1337 2684 asse·

194 2735 292 2795 cutus
316 2728 401 2794 hanc
424 2729 534 2796 sedem
558 2730 755 2796 litterarum
777 2728 862 2810 adii,
898 2728 954 2794 ubi
977 2750 1039 2815 per
1063 2726 1207 2814 quinque
1230 2749 1334 2793 annos

190 2837 394 2925 philologiae
417 2839 466 2905 fui
491 2839 661 2906 studiosus
686 2839 834 2926 exceptis
857 2862 916 2906 sex
931 2838 1048 2904 hiemis
1064 2833 1229 2909 XOVlVI
1244 2860 1332 2904 men-

194 2947 286 3014 sibus
311 2948 464 3015 Berolini
487 2950 645 3036 peractis.
671 2948 857 3015 docuerunt
879 2971 930 3013 me
954 2948 1022 3015 viri
1044 2947 1230 3015 doctissimi
1245 2948 1332 3013 Bau-

194 3079 292 3123 mann
333 3057 535 3124 Bonwetsch
573 3055 718 3143 Dilthey
753 3058 873 3141 Heyne
909 3056 1034 3123 Kaibel
1071 3056 1140 3124 Leo
1169 3053 1335 3124 Meissner

194 3163 402 3232 GEMueller
434 3166 605 3233 Rehnisch
635 3167 767 3234 ltoethe
800 3165 988 3234 WSohulze
1024 3166 1065 3232 de
1088 3165 1332 3234 Wilamowitz·

195 3274 435 3342 Moellendorff
459 3275 723 3363 Gottingenses‚
758 3275 853 3342 Diels
884 3275 995 3342 Graef
1014 3275 1149 3342 Kehulc
1173 3275 1213 3342 de
1236 3275 1332 3343 Stra-

192 3383 306 3451 donitz
330 3384 513 3472 ESchmidt
541 3386 582 3452 de
606 3385 843 3470 Treitschke†
871 3383 1003 3452 Vahlen
1025 3385 1207 3453 Weinhold
1229 3386 1332 3454 Bero-

193 3493 347 3560 linenses.
399 3494 500 3581 Regii
538 3495 786 3582 philologorum
822 3494 1060 3583 proseminarii
1094 3493 1331 3582 Gottingonsis

195 3601 320 3668 sodalis
349 3603 399 3669 sui
429 3627 490 3691 per
521 3604 604 3687 due,
637 3605 808 3672 seminarii
832 3603 1069 3690 Gottingensis
1095 3604 1220 3671 sodalis
1245 3606 1333 3672 ordi-

193 3712 308 3778 narius
331 3736 392 3801 per
415 3713 560 3801 quinque
585 3715 762 3781 semestris
785 3737 926 3802 quorum
942 3737 1003 3802 per
1018 3713 1089 3781 tria
1106 3713 1233 3798 senior;
1257 3738 1335 3803 pro-

193 3821 365 3889 seminarii
381 3822 573 3890 Germanioi
589 3824 831 3910 Gottingensis
843 3847 904 3912 per
928 3847 1028 3889 unum
1052 3845 1174 3889 annum
1197 3823 1332 3908 sodalis,

193 3930 365 3997 seminarii
397 3915 588 4000 Germanioi
623 3933 854 4001 Berolinensis
887 3932 1102 4002 Weinholdio
1136 3933 1333 4002 moderante

192 4061 254 4126 per
277 4063 336 4108 sex
358 4065 487 4109 menses
512 4042 637 4110 sodalis
662 4043 966 4124 extraordinarius,
999 4041 1171 4109 seminarii
1193 4042 1333 4110 Germa·

193 4147 260 4215 nici
278 4147 514 4238 Gottingensis
539 4175 599 4239 per
623 4152 693 4220 tria
717 4152 894 4220 semestris
917 4151 1042 4219 sodalis
1059 4151 1251 4219 ordinarius
1273 4153 1333 4221 fui.

191 4257 234 4324 ad
259 4260 520 4328 exercitationes
537 4261 756 4349 philologicos
772 4262 868 4328 Diels
885 4261 1037 4343 Sohulze,
1061 4260 1332 4347 archaeologicas

191 4366 335 4454 Dilthey
359 4368 470 4436 Graes
490 4372 650 4439 benevole
674 4395 725 4438 me
748 4371 974 4455 admiserunt;
1008 4369 1098 4437 Novi
1122 4370 1333 4438 Testamenti

192 4475 349 4563 epistulis
382 4478 579 4567 quibusdam
611 4481 879 4569 interpretandis
903 4484 941 4547 ut
963 4480 1164 4547 interessem
1187 4481 1335 4548 Sohiirer

194 4573 336 4674 benigne
367 4589 542 4658 concessit.
575 4591 694 4682 quibus
718 4591 802 4659 viris
826 4589 958 4660 debitas
981 4589 1086 4658 haheo
1109 4589 1241 4676 gratias
1264 4611 1338 4658 cum
