3186 5106
819 369 840 434 Β

252 553 358 634 νῆσος·
383 547 487 634 ἥξουσι
511 543 586 612 δ·’ἐπ’
611 542 703 634 cithu
726 541 835 630 Πάριοι
858 539 1114 630 Ἀρχιλόχοοιτοῦ
1136 539 1213 626 ἐμοῦ·
1233 539 1298 604 οἱοῦ
1323 536 1402 624 φράω

254 678 359 728 οοντος
382 643 427 718 ὅτι
448 655 468 740 ἡ
491 659 583 738 νῆσος
607 651 683 736 αὕτη
708 647 775 736 πρὶν
797 643 907 735 Ἠερία
930 649 1075 714 ἐκαλεῖτο.
1121 645 1156 716 in
1185 643 1339 726 oraculo,
1372 643 1402 712 si

253 761 316 832 hoc
346 761 456 828 solum
487 759 702 848 respicimus,
737 757 798 826 hoe
829 756 940 828 inesse
973 755 1128 826 videtur:
1165 752 1347 825 Telesicles
1382 775 1402 820 a

253 868 365 938 Pariis
389 869 437 956 (id
460 867 549 960 quod
563 869 669 938 verba
693 866 830 952 ἄγγειλον
849 865 971 952 Παρίοις
994 863 1128 950 docent)
1151 863 1302 952 Delphos
1324 863 1401 934 mis

251 1001 310 1050 sus
333 977 470 1048 iubetur
487 975 651 1046 coloniam
666 975 702 1043 in
717 974 858 1046 Aeriam
874 973 1040 1064 quandam
1060 971 1204 1042 insulam
1227 970 1401 1040 deducere.

341 1086 414 1154 Hoc
437 1083 609 1154 oraculum
631 1084 671 1152 Ε.
694 1084 815 1170 Meyer
838 1082 860 1150 l.
874 1081 895 1148 l.
921 1084 939 1167 ᾗ
962 1082 1041 1164 300,
1065 1080 1118 1152 cui
1140 1082 1182 1148 ab
1205 1080 1403 1150 Archilochi

253 1194 360 1286 ipsius
382 1191 587 1262 testimoniis
610 1189 756 1260 alienum
778 1189 971 1272 videretur,
1001 1195 1041 1258 ut
1063 1187 1246 1259 absurdum
1269 1188 1401 1260 omnino

253 1301 374 1372 reiecit
385 1301 433 1388 ²⁵).
479 1322 564 1390 quac
588 1298 785 1368 testimonia
804 1301 894 1368 cunt
924 1319 964 1366 ea
995 1297 1187 1384 fragmenta
1216 1297 1252 1367 in
1282 1297 1401 1388 quibus

251 1414 355 1500 -poeta
378 1410 419 1479 de
443 1409 555 1480 Thaso
579 1410 685 1478 verba
706 1407 800 1477 facit.
846 1406 988 1498 primum
1012 1406 1046 1477 in
1068 1405 1110 1478 iis
1134 1406 1242 1476 locum
1260 1407 1400 1494 Meyerc

255 1519 408 1589 obtinere
430 1519 568 1588 videtur
590 1517 624 1586 fr
640 1517 700 1584 21:
726 1541 767 1584 ex
789 1516 877 1586 Siris
906 1516 1001 1586 fluvii
1022 1516 1154 1585 nomine
1176 1515 1224 1584 ihi
1246 1517 1398 1588 adhibito

254 1629 418 1698 conclusit
451 1627 691 1698 Archilochum
730 1626 875 1716 primum
914 1625 1051 1696 Italiam
1090 1631 1212 1715 postea
1252 1627 1400 1696 Thasum

254 1737 366 1806 edisse
389 1739 421 1824 (ξ
443 1738 532 1824 370).
577 1735 638 1806 sed
661 1757 700 1804 ca
724 1735 896 1804 sententia
918 1735 1093 1804 refutatur
1115 1735 1245 1826 apertis
1269 1735 1399 1832 Critiae

253 1846 367 1916 verbis
402 1868 455 1936 ap.
486 1844 752 1914 Ael.v.h.X13
783 1846 1012 1912 natulichi
1050 1844 1176 1932 Πάρον
1215 1845 1265 1912 διά
1299 1846 1400 1912 πενίαν

251 1954 303 2022 καί
326 1956 451 2042 ἀπορίαν
474 1956 567 2042 ἦλθεν
588 1955 618 2027 ἐς
641 1952 749 2020 Θάσον.
796 1977 869 2022 cum
891 1953 1000 2042 igitur
1015 1953 1153 2024 Italiam
1175 1976 1242 2019 non
1264 1953 1399 2040 adierit,

253 2065 352 2152 Σίριος
382 2062 452 2151 ῥοάς
485 2063 517 2132 ei
550 2070 649 2132 notas
683 2062 789 2130 fuisse
822 2061 889 2130 alio
923 2061 1021 2130 modo
1056 2061 1301 2150 explanandum
1334 2050 1397 2133 est.

251 2197 359 2264 neque
381 2172 530 2242 difficilis
553 2194 609 2242 res
633 2175 705 2239 est:
736 2171 772 2242 in
801 2170 939 2238 eandem
971 2170 1100 2240 scilieet
1129 2170 1300 2258 regionem
1328 2171 1397 2244 illis

251 2281 461 2370 temporibus
486 2278 685 2370 Colophonii
708 2279 872 2367 coloniam
895 2278 1120 2364 deduxerant,
1152 2279 1281 2368 quade
1304 2302 1343 2349 re
1365 2304 1397 2350 v.

252 2391 417 2462 Geffcken
455 2392 594 2460 Timetos
624 2389 703 2480 p14
719 2413 756 2478 sq
774 2390 838 2456 138
868 2389 991 2458 Busolt
1019 2412 1071 2477 gr.
1101 2388 1221 2459 Gesch.
1244 2389 1398 2464 1²4121.

250 2500 286 2571 in
309 2501 432 2570 ceteris
456 2498 658 2588 fragmentis
689 2499 778 2588 quod
805 2499 941 2567 oraculo
966 2498 1178 2568 contradicat
1201 2523 1268 2569 non
1291 2503 1397 2584 extat,

249 2610 348 2680 immo
379 2613 540 2699 quantum
568 2608 644 2678 fieri
675 2613 792 2698 potest
819 2608 861 2676 iis
894 2609 1122 2678 confirmatur.
1168 2632 1275 2699 neque
1308 2610 1395 2684 enim

252 2719 388 2814 dubium
411 2723 474 2798 cst,
499 2717 579 2808 quin
601 2717 674 2807 ipse
697 2724 831 2807 patrem
848 2717 1012 2788 coloniam
1028 2717 1246 2788 deducentem
1262 2727 1397 2792 secutus
1413 2710 1415 2714 ⁵

250 2827 298 2896 sit
320 2851 393 2896 cum
415 2831 492 2896 tota
514 2827 661 2895 familia:
686 2827 754 2894 alio
778 2827 908 2896 scilicet
929 2827 1026 2898 modo
1050 2827 1200 2896 coloniae
1219 2829 1316 2898 condi
1330 2852 1398 2900 non

250 2939 421 3026 poterant.
467 2959 509 3004 ne
532 2935 663 3004 Critiae
696 2935 829 3024 quidem
860 2936 1091 3010 testimonium
1122 2936 1154 3010 ci
1182 2939 1396 3024 contradicit,

249 3043 382 3132 quando
415 3044 548 3132 quidem
577 3042 691 3114 verbis
724 3046 895 3110 καταλιπὼν
918 3044 1017 3134 Πάρον
1052 3045 1101 3112 διά
1124 3046 1223 3114 πενίαν
1246 3045 1297 3111 καί
1320 3049 1397 3113 ἀπο-

251 3151 313 3237 ρίαν
337 3151 430 3236 ἦλθεν
453 3153 483 3224 ἐς
500 3151 598 3216 Θάσον
619 3149 769 3220 coloniae
792 3150 1003 3222 deducendae
1025 3175 1127 3222 causa
1149 3154 1274 3246 optime
1297 3178 1396 3245 expo-

248 3259 360 3327 nitur:
396 3258 505 3327 Parus
538 3257 650 3326 insula
672 3257 790 3330 incolis
821 3281 887 3328 non
909 3259 976 3330 iam
999 3261 1247 3348 sufficiebcttt).
1290 3264 1397 3336 etium

249 3363 285 3433 in
317 3365 453 3434 oraculo
485 3365 558 3453 ipso
590 3363 821 3433 testimonium
853 3366 1018 3458 quoddam
1047 3369 1265 3442 auctoritatis
1289 3369 1395 3444 inest:

249 3496 325 3541 nam
349 3474 481 3542 Thasus
505 3473 540 3539 in
563 3495 601 3539 eo
625 3466 733 3560 ’Παρία
756 3482 845 3560 νῆοος
869 3476 1071 3565 appellatur.
1118 3479 1207 3566 quod
1229 3477 1259 3546 si
1281 3501 1395 3547 recens

251 3584 352 3664 esset,
376 3585 496 3650 auctor
519 3579 590 3646 eius
615 3579 753 3667 egregia
776 3604 856 3649 usus
873 3586 965 3651 esset
990 3582 1154 3652 doctrina.
1201 3585 1293 3653 cuius
1316 3587 1395 3656 reli-

249 3688 343 3778 quias
367 3687 553 3756 invenimus
573 3687 663 3775 apud
678 3688 885 3776 Hesychium
908 3715 924 3758 s
947 3689 1042 3777 Ἀερία
1066 3743 1072 3756 .
1098 3743 1104 3756 .
1132 3745 1138 3758 .
1163 3692 1262 3758 Θάσον
1286 3693 1319 3758 δὲ
1341 3694 1394 3781 τὴν

247 3805 338 3884 νῆσον
372 3795 422 3863 καί
444 3795 595 3882 Αἴγυπτον
628 3795 680 3862 καί
710 3799 824 3888 Λιβύην
859 3799 907 3865 καί
923 3799 1061 3889 ’Κρήτην
1096 3801 1146 3869 καί
1177 3803 1312 3870 Σικελίαν
1345 3803 1396 3869 καί

318 4005 364 4072 25)
385 4005 496 4059 Cresius
516 4006 608 4072 pcto,
622 4007 683 4074 495,
702 4005 822 4063 fortasse
842 4009 925 4066 etiam
938 4009 1149 4068 Piccolominius
1169 4014 1243 4082 (uum
1262 4014 1297 4071 de
1317 4029 1351 4072 eu
1365 4032 1395 4069 re

246 4116 299 4156 non
318 4107 414 4167 operte
433 4099 554 4168 loquitur
572 4099 666 4170 p270)
693 4109 722 4154 ut
747 4116 780 4158 ea
806 4100 839 4158 de
863 4102 961 4174 quibus
988 4106 1091 4174 egimus
1118 4107 1158 4180 ite
1183 4108 1233 4164 hcc
1250 4108 1392 4166 oraculum

245 4192 393 4248 recentiori
412 4191 510 4245 tribuit
530 4191 625 4246 aetati.

317 4287 363 4354 26)
382 4299 451 4354 quae
465 4282 577 4338 Cresius
591 4283 608 4338 l.
620 4283 638 4338 l.
652 4301 670 4353 p
684 4288 736 4339 492
750 4285 783 4340 de
795 4285 820 4342 ir
833 4291 864 4341 51
883 4290 991 4360 profert
1010 4293 1118 4348 omuino
1137 4293 1263 4351 videntur
1273 4296 1391 4352 incerto:

245 4395 334 4434 nonne
354 4395 383 4434 sc
403 4379 462 4446 ipse
475 4375 657 4434 Archilochus
676 4379 781 4451 alloqui
799 4383 900 4451 potuit,
921 4401 1009 4440 nonne
1022 4387 1159 4442 amicum?
1178 4390 1201 4442 si
1221 4388 1256 4442 ad
1276 4390 1392 4444 amicum

244 4488 277 4528 ea
297 4473 379 4526 verba
398 4472 469 4526 dixit
483 4471 632 4526 verisimile
646 4480 688 4528 cst
702 4489 734 4528 eo
747 4473 833 4530 Thasi
847 4483 909 4532 orte
929 4495 998 4548 esse,
1018 4481 1056 4533 ita
1077 4490 1105 4533 ut
1120 4480 1145 4534 iu
1161 4480 1212 4534 linc
1231 4483 1392 4552 quaestione

244 4566 314 4624 neoc
332 4566 450 4622 ιινοααι.
580 4549 590 4570 ’
