3186 5106
791 405 839 474 '1'2

241 582 309 647 non
330 575 420 648 lieet.
465 579 591 648 iniuria
618 579 711 648 enim*
732 584 942 671 putaverunt
973 583 1007 652 fr
1030 585 1050 652 3
1084 605 1156 652 eam
1186 582 1389 654 sententiam

243 689 454 777 comprobari
477 690 570 757 cuius
593 693 699 758 verba
719 691 801 759 haec
824 696 920 760 sunt:

394 797 429 864 cd
451 824 496 863 τοι
517 799 602 864 πόλλ’
626 799 675 865 ἐπὶ
697 802 767 876 τόξα
790 801 965 867 τανύσσεται
987 799 1058 868 οὐδὲ
1082 803 1207 887 θαμεῖαι

439 910 609 994 σφενδόναι,
633 910 692 974 εὖτ’
718 911 752 976 ἃν
776 910 813 996 δὴ
839 914 937 996 μῶλον
956 909 1045 998 Ἄρης
1070 911 1195 996 συνάηηι

392 1019 422 1083 ἐν
446 1019 562 1116 πεδίῳ,
586 1019 694 1106 ξιφέων
719 1018 751 1084 δὲ
774 1020 952 1086 πολύστονον
976 1019 1094 1086 ἔσσεται
1117 1019 1220 1106 ἔργον·

433 1126 542 1212 ταύτης
566 1125 621 1213 γὰρ
645 1131 736 1192 κεῖνοι
759 1127 896 1212 δαίμονές
919 1128 976 1192 εἰσι
1000 1125 1100 1215 μάχης

391 1237 531 1301 δεσπόται
555 1235 684 1322 Εὐβοίης
708 1235 900 1322 δουρικλυτοί.

238 1350 331 1410 recte
365 1343 497 1433 quidem
528 1343 667 1411 Crusius
690 1368 712 1431 p
734 1345 798 1412 495
828 1342 995 1411 OMulleri
1030 1348 1065 1410 et
1090 1342 1274 1410 Buchholzi
1308 1365 1380 1410 sen·

237 1451 381 1518 tentiam
420 1451 477 1540 qui
508 1452 679 1520 Abantum
720 1452 865 1520 nobilem
906 1451 1078 1542 pugnandi
1109 1451 1381 1520 consuetudinem

237 1557 393 1626 Saiorum
421 1561 534 1628 fundis
567 1561 690 1650 opponi
722 1566 885 1650 putarent
916 1585 954 1629 eo
985 1560 1117 1629 refellit
1147 1560 1235 1650 quod
1265 1583 1380 1631 cama

123 1679 124 1684 ’
236 1668 354 1736 futuro
370 1670 545 1737 τανύσσεται
561 1669 679 1738 ἔσσεται
694 1670 879 1739 abhorrere
903 1670 1064 1739 ostendit.
1109 1677 1222 1738 tamen
1238 1676 1380 1759 apparet

232 1803 293 1847 eos
327 1803 447 1848 versus
481 1803 548 1847 non
583 1781 674 1848 inter
709 1780 945 1848 Chalcidenses
983 1781 1092 1848 factos
1128 1802 1210 1848 esse.
1265 1779 1380 1846 neutri

237 1887 323 1955 enim
358 1890 524 1957 exercitui
556 1889 796 1957 Archilochum
833 1889 1031 1956 interfuisse
1065 1911 1103 1957 eo
1143 1889 1379 1975 comprobatur

235 1998 324 2086 quod
347 2004 509 2088 utrosque
532 2000 632 2066 laude
655 1998 922 2087 comprehendit:
953 2003 1047 2066 certo
1077 2020 1144 2064 non
1165 1998 1281 2064 hostes
1305 2019 1378 2064 cum

235 2105 350 2173 amieis
367 2107 581 2174 celebrasset.
628 2129 709 2193 ergo
726 2105 844 2194 procul
867 2108 909 2173 ab
927 2105 968 2172 iis
986 2106 1062 2187 fuit,
1086 2105 1122 2171 id
1137 2105 1226 2192 quod
1240 2105 1378 2194 insuper

234 2216 306 2304 ipse
328 2215 456 2283 indicat
487 2213 600 2282 verbis
631 2215 923 2280 neiuorhecuo'rnr
947 2213 1076 2301 Εὐβοίης
1107 2213 1299 2299 δουρικλυτοί.
1337 2235 1376 2280 aa

230 2323 406 2391 occasione
426 2324 490 2391 hoc
514 2344 648 2390 carmen
670 2323 798 2391 factum
826 2345 900 2390 esse
924 2322 1077 2404 videtur,
1110 2344 1183 2388 cum
1209 2320 1376 2410 pactionis

232 2433 326 2500 illius
357 2433 392 2499 in
423 2431 512 2499 bello
537 2430 750 2500 Chalcidensi
781 2431 893 2499 factae
926 2453 991 2520 qua
1023 2430 1137 2498 fundis
1170 2436 1205 2496 et
1237 2429 1375 2516 sagittis

232 2541 285 2608 uti
307 2542 489 2608 vetabatur
499 2539 538 2628 ³⁰)
562 2540 709 2609 Thasum
731 2541 786 2608 vel
810 2541 936 2608 Parum
958 2541 1108 2612 venisset
1131 2559 1256 2606 rumor.

319 2649 392 2716 Hoc
413 2650 485 2715 loco
510 2671 581 2716 rem
612 2649 790 2736 attigimus
813 2647 1050 2736 gravissimam
1081 2669 1166 2735 quae
1200 2668 1274 2711 cum
1305 2644 1374 2712 alia

233 2757 409 2838 cohaeret,
434 2755 581 2844 ·qualem
617 2756 725 2824 vitam
762 2755 985 2824 Archilochus
1024 2754 1143 2842 egerit.
1203 2753 1373 2840 Berghius

231 2866 390 2952 Meyerus
415 2863 555 2954 Crusius
579 2863 637 2952 qui
661 2864 790 2932 Critiae
823 2864 965 2931 credunt
993 2867 1137 2930 matrem
1170 2862 1240 2930 eius
1264 2861 1373 2950 Enipo

231 2996 364 3044 servam
379 2973 484 3040 fuisse
494 2973 533 3058 ⁸¹)
557 2971 634 3042 inde
650 2972 863 3042 deduxerunt
886 2997 960 3040 eum
975 2996 1036 3062 per
1052 2977 1162 3040 totam
1176 2970 1283 3038 vitam
1299 2993 1374 3058 per·

229 3085 333 3170 petua
354 3079 492 3147 miseria
514 3079 700 3147 cruciatum
722 3078 845 3146 nobilis
870 3078 1010 3147 hominis
1035 3077 1142 3146 vitam
1165 3101 1296 3168 semper
1316 3102 1373 3169 ap·

229 3188 410 3278 petivisse,
433 3209 601 3277 nunquam
623 3194 814 3255 assecutum
837 3209 926 3272 esse;
951 3209 991 3254 ea
1014 3187 1055 3256 de
1069 3209 1179 3255 causa
1200 3191 1372 3276 postremo

229 3319 304 3364 eum
326 3318 387 3384 per
409 3303 530 3382 gentes
554 3299 589 3363 et
621 3297 721 3362 urbes
751 3294 934 3382 migrasse,
969 3295 1120 3364 omnibus
1152 3296 1298 3364 invisum
1329 3299 1371 3366 ab

228 3404 380 3471 omnibus
404 3403 549 3472 alienum
570 3408 740 3472 mortuum
763 3426 846 3472 esse.
930 3402 983 3469 cui
1006 3403 1195 3472 sententiae
1219 3404 1372 3494 equidem

227 3538 295 3582 non
317 3512 527 3594 obsisterem,
550 3513 616 3580 nisi
640 3535 678 3580 eo
702 3513 790 3602 quod
812 3510 1051 3579 Archilochum
1075 3535 1181 3600 neque
1198 3513 1291 3582 Sirio
1313 3539 1369 3583 ne·

228 3645 292 3710 que
309 3620 479 3688 Euboeam
501 3619 612 3686 adisse
635 3618 780 3687 vidimus
796 3619 937 3687 multum
954 3619 1173 3687 auctoritatis
1189 3620 1369 3706 amisisset.

228 3728 295 3799 iam
318 3727 398 3816 quid
421 3750 438 3794 e
461 3726 663 3813 fragmentis
680 3725 877 3794 Archilochi
893 3730 1058 3816 appareat
1074 3731 1153 3795 ante
1170 3728 1280 3795 omnia
1294 3753 1370 3818 per-

230 3842 430 3908 scrutemur.
518 3836 698 3904 Pariorum
721 3835 842 3903 civitas
866 3858 937 3902 cum
961 3835 1030 3904 illis
1054 3837 1262 3925 temporibus
1286 3839 1372 3908 satis

227 3945 377 4029 floreret,
402 3945 505 4013 etiam
526 3943 688 4012 nobilium
710 3943 869 4012 honorem
886 3950 987 4031 atque
1003 3943 1205 4030 dignitatem
1221 3944 1370 4032 viguisse

227 4054 266 4118 ut
290 4057 504 4138 expectamus
526 4050 578 4117 ita
607 4073 649 4118 ex
671 4049 875 4117 Archilocho
908 4048 1072 4118 certiores
1105 4051 1211 4121 fimus.
1258 4062 1372 4124 tamen

233 4171 438 4184 fi—b—-m

300 4243 347 4312 30)
367 4243 467 4299 Strabo
487 4245 576 4300 ΧίίΒ
595 4244 733 4314 (sindbert
752 4243 808 4316 περί
827 4240 963 4314 Ληλόνόου
983 4243 1155 4318 διενεχθιῑσαι)
1182 4248 1311 4306 συνέθεντο
1330 4252 1370 4326 ἐφ’

231 4335 268 4394 cic
287 4338 449 4408 συστήσονται
467 4340 511 4392 τόν
530 4341 624 4411 ἀηῶνοι.
658 4338 731 4411 δηλοῖ
749 4338 774 4392 δὲ
793 4339 836 4392 οιαὶ
854 4343 929 4392 τοῦτο
949 4339 974 4392 ἐν
991 4347 1040 4393 τῶι
1060 4338 1227 4414 Ἀμοιρυνίίίαιι
1240 4346 1318 4418 στήλη
1334 4365 1371 4408 τις

227 4428 356 4498 φράζουσα
375 4429 411 4501 μὴ
433 4427 544 4502 χρῆσθαι
562 4429 722 4502 τηλεβόλοιςε
743 4428 770 4482 σί
782 4429 864 4487 Areh.
883 4431 908 4499 3,
930 4428 990 4490 τόξα
1009 4438 1035 4484 et
1056 4431 1194 4503 σφενδόναι.

299 4523 346 4592 81)
365 4529 463 4578 contra
482 4521 646 4578 Welckcrus
676 4520 784 4590 putavit
812 4536 909 4576 nomeu
929 4521 964 4576 ab
982 4522 1065 4578 Arcb.
1085 4522 1177 4580 fictum
1202 4525 1238 4582 ab
1263 4527 1370 4586 lumbes

226 4629 322 4677 servae
343 4613 481 4676 Thraciae
499 4630 553 4676 υου
572 4613 686 4674 multum
706 4612 811 4685 abesse,
830 4611 1055 4688 συσσιτίαις
1074 4615 1122 4677 29.
