3186 5106
749 411 792 478 39

195 583 248 650 est
279 604 336 651 eas
359 584 643 652 tetrametrorum¹
663 608 754 671 esse;
779 584 882 654 etiam
895 585 1029 655 Ionicae
1045 586 1183 656 dialecti
1198 587 1346 676 vestigia

195 696 291 761 certa
306 697 401 778 sunt;
426 695 555 763 accedit
571 696 660 783 quod
674 695 710 763 in
726 718 763 763 eo
781 718 884 764 versu
898 696 973 784 (col.
986 697 1076 780 113),
1101 696 1195 765 cuius
1210 698 1344 765 initium

195 805 221 866 εἰ
244 801 300 890 γὰρ
325 802 379 891 dle
402 808 464 888 est,
489 805 525 872 in
546 805 672 894 papyri
683 805 830 892 imagine
852 809 931 893 post
947 805 1095 894 spatium
1117 811 1247 894 septem
1269 808 1344 875 fere

193 913 436 983 litterarumN
458 913 578 982 littera
601 914 744 983 emicare
760 914 914 982 videtur:
938 919 1052 982 tamen
1081 921 1221 1004 praeter
1246 916 1342 985 illum

196 1044 332 1088 versum
354 1022 389 1087 fr
401 1022 442 1088 71
760 1107 763 1113 ἱ

349 1133 375 1194 εί
398 1131 455 1217 γοίρ
481 1135 522 1204 ὣς
545 1130 613 1216 ἐμοὶ
643 1131 772 1216 γέΝοιτο
795 1135 883 1219 χεῖρα
907 1131 1082 1220 Νεοβούλης
1108 1135 1202 1218 θιγεῖν

196 1239 296 1307 multi
319 1239 379 1308 alii
395 1240 541 1327 cogitari
556 1244 707 1329 possunt.
748 1263 820 1308 oum
843 1246 1024 1329 praeterea
1045 1243 1160 1310 Ionica
1176 1242 1341 1312 dialectos

195 1350 307 1437 poesis
329 1350 465 1437 generis
489 1350 550 1432 sit,
586 1374 654 1417 non
676 1350 780 1418 solius
805 1351 1017 1435 Archilochi,
1052 1376 1108 1421 res
1131 1352 1213 1420 mihi
1234 1354 1340 1421 incer·

193 1459 326 1527 tissima
349 1458 496 1527 videtur.

281 1572 391 1636 totam
413 1568 564 1636 fabulam
578 1569 781 1636 Archilocho
806 1570 949 1638 reddere
961 1570 1102 1638 Crusius
1125 1575 1264 1639 conatus
1287 1574 1341 1638 est
1417 1649 1421 1656 ,

192 1677 228 1743 in
243 1677 484 1746 dissertatione
497 1678 581 1744 Mus.
595 1678 701 1748 Rhen.
715 1679 782 1746 vol.
794 1679 837 1745 49
848 1703 869 1768 p
880 1680 944 1746 299
956 1680 1095 1747 inserta.
1128 1684 1231 1768 atque
1256 1699 1340 1768 quae

192 1788 233 1854 de
249 1787 423 1854 simiarum
438 1788 638 1855 saltantium
653 1788 781 1856 fabella
797 1789 962 1876 exposuit,
981 1793 1021 1858 ut
1036 1789 1175 1876 egregia
1190 1789 1241 1859 ita
1256 1811 1340 1857 vera

194 1900 282 1965 sunt.
328 1895 418 1983 quod
439 1900 552 1964 autem
567 1897 609 1964 de
621 1897 825 1965 Archilocho
842 1899 989 1984 protulit
1012 1922 1143 1981 vereor,
1166 1903 1205 1965 ut
1228 1898 1340 1966 teneri

192 2005 312 2092 possit.
345 2027 385 2072 ea
403 2005 556 2093 quaestio
573 2006 698 2093 pendet
713 2008 755 2073 ab
771 2006 938 2076 Aristidis
961 2008 1034 2076 loco
1050 2008 1195 2094 11p398
1206 2009 1247 2092 D,
1273 2030 1337 2095 quo

194 2114 366 2182 rhetorem
396 2113 432 2181 in
466 2115 602 2201 cynicos
635 2114 749 2183 invehi
772 2115 912 2183 Crusius
935 2118 1034 2205 9305
1056 2115 1154 2185 vidit.
1201 2139 1243 2183 ex
1265 2139 1338 2184 scn-

192 2224 377 2291 tentiarum
400 2246 527 2290 conexu
549 2224 631 2292 hacc
652 2225 738 2293 satis
767 2227 814 2295 sit
837 2227 1009 2314 proferre:
1033 2253 1045 2294 ς
1068 2278 1075 2293 .
1101 2277 1108 2293 .
1132 2227 1339 2313 περιέρχονται

196 2331 218 2396 δ’
240 2332 338 2406 ἄλλως
363 2336 474 2420 βροτῶν
505 2329 619 2399 εἴδωλα
641 2337 805 2421 καμόντων,
833 2334 982 2400 Ἡσιόδου
1011 2344 1144 2422 κηφῆνες
1165 2333 1338 2423 Ἀρχιλόχου

193 2443 326 2528 πίθηκοι,
351 2445 404 2508 δύο
428 2441 545 2530 μορφὰς
568 2443 687 2532 ἔχοντες
711 2445 774 2510 ἀντί
796 2451 884 2532 τριῶν
908 2453 960 2531 τῆς
983 2453 1123 2532 τραγικῆς
1155 2447 1222 2534 βοός
1277 2452 1336 2511 τῶν

197 2553 322 2638 ἱματίων
338 2560 397 2618 τῶν
413 2553 577 2639 ἡττημένων
593 2553 679 2618 οὐδὲν
697 2555 899 2640 διαφέροντες,
923 2554 960 2620 τὰ
978 2556 1029 2641 μὲν
1053 2555 1110 2627 ἔξω
1127 2555 1229 2640 αεμνοί
1251 2554 1288 2620 ταί
1312 2559 1336 2620 δ’

192 2663 276 2728 ἔνδον
300 2662 399 2738 *ἄλλος
422 2663 457 2728 ἂν
485 2663 579 2749 εἰδείη
603 2669 663 2745 τις’,
694 2666 722 2728 οἱ
744 2670 796 2729 τοῦ
819 2663 888 2738 Διὸς
912 2664 964 2750 μὲν
988 2665 1073 2730 οὐδὲν
1102 2665 1221 2751 χείρους
1246 2665 1335 2751 φασίν

191 2771 267 2838 εἶναι
289 2778 341 2836 τοῦ
365 2773 391 2836 δ’
409 2774 518 2860 ὀβολοῦ
541 2783 679 2838 τοσοῦτον
702 2777 850 2860 ἡττῶνται
873 2778 934 2840 κτλ.
970 2797 1054 2863 quae
1076 2776 1183 2842 verba
1195 2774 1335 2842 Crusius

189 2883 241 2950 ita
263 2883 507 2965 commutabat,
531 2885 571 2949 ut
593 2905 655 2971 pro
679 2882 743 2949 ἀντί
765 2892 853 2970 τριῶν
876 2885 1010 2971 legeret
1034 2886 1095 2948 ἀντ’
1119 2884 1233 2970 ἰτρίων,
1255 2887 1335 2971 post

192 2995 259 3081 βοός
283 3015 397 3058 vocem
418 2990 468 3056 καί
491 2991 680 3076 insereret;
718 3015 803 3081 quae
835 2993 887 3061 ita
909 2995 985 3061 vult
1009 2993 1185 3080 intellegi:
1217 2993 1340 3080 περιέρ-·

190 3127 314 3190 χυνται.
331 3096 499 3166 ,Ἡσιόδου
515 3108 658 3187 κηφῆνες,
679 3103 860 3190 Ἀρχιλόχου
877 3103 1001 3189 πίθηκοι
1019 3103 1072 3167 δύο
1090 3100 1206 3189 μορφὰς
1218 3101 1336 3188 ἔχοντες

191 3207 251 3277 ἀντ’
277 3211 393 3298 ἰτρίων,
425 3219 478 3298 τῆς
501 3218 642 3297 τραγικῆς
667 3211 734 3300 βοὸς
757 3212 839 3300 (uni)
861 3220 920 3278 τῶν
945 3214 1068 3298 ἱματίων
1090 3217 1148 3276 τῶν
1171 3212 1335 3298 ἡττημένων

190 3321 276 3386 οὐδὲν
299 3321 490 3407 διαφέροντες
513 3324 574 3388 κτλ,
620 3321 678 3388 ubi
710 3323 797 3410 quod
820 3322 885 3410 ipsi
915 3321 1093 3390 offensioni
1116 3327 1169 3390 est
1190 3320 1272 3388 mihi
1293 3343 1335 3388 ne

189 3430 335 3500 tolerari
356 3430 490 3518 quidem
512 3452 611 3518 posse
634 3431 791 3516 videtur;
827 3454 904 3499 nam
926 3432 1015 3499 falso
1039 3430 1211 3499 diceretur
1228 3430 1332 3498 simiis

187 3565 249 3630 pro
274 3540 436 3608 crustulis
460 3539 542 3606 duas
560 3562 634 3607 esse
650 3547 811 3608 naturas:
835 3542 1000 3608 crustulis
1015 3540 1201 3628 propositis
1217 3561 1333 3607 veram

188 3654 347 3720 naturam
369 3650 526 3736 neglecta
548 3649 739 3718 eruditione
762 3673 928 3739 apparere
951 3649 983 3717 ei
1004 3649 1179 3716 dicendum
1195 3648 1332 3734 suisset3

190 3761 306 3849 itaque
329 3753 436 3848 neque
469 3759 521 3824 δύο
552 3761 671 3848 μορφάς
702 3782 809 3848 neque
840 3782 1001 3849 praesens
1025 3758 1143 3846 ἔχοντες
1172 3761 1266 3826 recta
1299 3780 1335 3826 se

188 3871 339 3940 haberet.
377 3868 446 3936 alia
469 3872 670 3955 argumenta
692 3868 845 3938 addenda
868 3872 968 3937 sunt:
991 3869 1098 3937 verba
1119 3874 1172 3953 τῆς
1194 3875 1334 3954 τραγικῆς

176 3981 259 4070 βοός
289 3979 319 4046 si
342 3978 499 4046 Crusium
522 3977 691 4067 sequimur
713 3979 812 4046 nihili
834 3982 928 4063 sunt,
963 3978 1015 4046 ita
1037 3980 1076 4044 ut
1105 3976 1156 4041 καί
1178 3975 1257 4044 addi
1279 3999 1334 4044 ne·

187 4113 279 4160 cessa
302 4090 359 4157 sit.
404 4087 521 4175 itaque
545 4090 652 4156 verba
674 4087 737 4152 ἀντὶ
759 4095 848 4175 τριῶν
872 4095 965 4156 recte
981 4085 1113 4155 tradita
1128 4109 1202 4154 esse
1218 4085 1332 4154 viden-

186 4203 263 4269 tur:
296 4199 372 4288 ipsa
394 4220 450 4264 res
474 4196 599 4285 poscit,
633 4200 673 4265 ut
695 4197 823 4285 triplex
844 4206 896 4284 τῆς
918 4204 1059 4284 τραγικῆς
1090 4197 1157 4283 βοός
1181 4195 1274 4262 color
1298 4199 1334 4264 et

187 4310 316 4379 diserte
339 4308 486 4376 addatur
511 4309 601 4391 (nam
624 4307 698 4395 quis
723 4306 794 4375 sine
817 4331 955 4376 numero
978 4304 1095 4373 addito
1118 4311 1171 4391 τῆς
1194 4313 1334 4392 τραγικῆς

190 4423 259 4510 βοός
281 4415 514 4505 intellegeret)
537 4422 572 4483 ct
595 4416 733 4484 illorum
748 4394 916 4485 hominum
932 4414 1058 4506 duplici
1073 4418 1218 4482 naturae
1234 4437 1334 4502 oppo-

186 4535 301 4599 natur.
345 4527 434 4596 unde
458 4525 546 4615 quod
570 4527 724 4613 sequitur
740 4528 780 4595 de
797 4528 902 4596 simiis
925 4551 992 4595 non
1013 4525 1115 4614 plura
1137 4525 1243 4594 verba
1258 4523 1334 4592 fieri

185 4638 349 4729 quamde
381 4636 468 4706 fucis
500 4635 626 4724 optime
658 4659 693 4706 se
716 4636 828 4708 habet.
874 4660 951 4706 nam
973 4640 1050 4706 tota
1078 4634 1151 4704 fere
1174 4633 1332 4723 periodus
