3186 5106
820 359 862 429 74

356 536 519 628 σύμβολον]
550 536 652 608 Arch.
671 537 714 608 44
753 536 957 626 προσέρχομαι(
991 561 1024 602 σε
1059 536 1206 627 σύμβολον
1238 535 1411 624 ποιεύμενος

263 647 283 718 i.
302 674 328 718 e.
353 650 489 738 linguae
511 652 630 720 favens
654 650 833 718 secundum
854 649 1100 718 Philochorum.
1146 649 1182 716 in
1210 648 1242 716 h.
1254 649 1356 718 Mero.
1367 650 1411 716 30

263 761 409 848 σύμβολον
439 761 499 847 ῆδη
533 787 581 846 μοι
605 760 670 846 μέγ’
694 762 836 848 ὀνήσιμον
868 783 961 828 omen
992 763 1045 828 est
1074 759 1109 826 iu
1139 758 1347 847 repositum
1370 762 1409 826 uh

262 869 297 936 in
320 870 425 958 epigr.
451 870 605 939 Chalced.
619 870 696 940 779⁸
707 870 751 935 K.
776 871 895 954 ἀγαθῆς
930 871 1078 957 σύμβολον
1110 869 1253 956 εύπλοίης
1290 871 1326 936 eh
1360 867 1407 936 sic

266 979 398 1068 saepius
423 980 531 1066 (velut
555 979 934 1067 Callimfr10331222).

349 1091 536 1176 τλημοσύνη]
560 1089 707 1158 Ατσλι.9ι
732 1086 809 1152 οἰλλολ
834 1087 899 1154 deci
920 1087 976 1175 γὰρ
1000 1088 1187 1175 ἀνηκέστοισι
1208 1091 1340 1154 κακοῖσιν
1365 1137 1400 1152 ..

265 1200 314 1264 ἐπὶ
346 1200 491 1288 κρατερὴν
522 1199 707 1285 τλημοσύνην
740 1198 858 1264 ἔθεσαν.
914 1221 980 1266 vox
1012 1197 1182 1285 τλημοσύνη
1216 1197 1306 1286 apud
1336 1198 1403 1265 Ho-

263 1333 391 1377 merum
406 1334 474 1377 non
491 1310 629 1397 legitur,
654 1309 712 1397 qui
734 1308 814 1374 949
837 1308 995 1378 similiter
1019 1308 1107 1375 dixit
1129 1306 1235 1395 τλητὸν
1253 1305 1309 1395 γὰρ
1327 1306 1407 1372 Μυῖ-

263 1445 311 1505 ρτι
341 1419 433 1505 θυμὸν
469 1420 560 1483 {licor
592 1420 800 1505 ἀνθρώποισιν.
845 1417 1058 1486 miseriarum
1086 1417 1180 1484 notio
1210 1417 1286 1484 voci
1316 1417 1407 1485 inest

262 1529 445 1617 h.Ap.191
470 1531 638 1616 ἀνθρώπων
661 1527 848 1614 τλημοσύνας
871 1529 913 1595 ab
938 1526 1139 1595 Archilocho
1166 1527 1267 1616 plane
1289 1526 1403 1593 aliena

262 1663 329 1705 vox
359 1645 539 1728 praeterea
568 1662 635 1705 non
657 1638 786 1725 legitur
807 1637 875 1704 nisi
896 1637 985 1725 apud
1007 1636 1229 1705 Plutarchum
1258 1643 1294 1706 et
1317 1635 1401 1704 The-

261 1748 420 1816 mistium.

348 1858 418 1926 Hes
443 1858 642 1927 recentioris
665 1857 776 1946 poesis
800 1880 897 1925 voces
921 1857 951 1923 si
974 1857 1238 1945 perlustramus,
1269 1878 1325 1923 res
1347 1878 1404 1944 ep·

260 1971 359 2055 paret
391 1968 474 2036 selis
498 1967 733 2036 memorabilis.
781 1989 892 2034 omncs
923 1990 1022 2035 voces
1044 1970 1184 2056 praeter
1207 1965 1332 2039 ἄελπτος
1355 1963 1404 2052 (ei

259 2078 442 2165 τλημοσύνη)
464 2078 627 2166 leguntur
649 2077 685 2144 in
714 2076 838 2164 hymno
862 2075 979 2160 Mero,
1007 2077 1097 2163 θαλίη
1130 2074 1297 2163 θαυμάσιος
1326 2075 1402 2163 μοίρ-

258 2212 308 2260 τος
341 2190 479 2274 φηλήτης
501 2195 606 2275 χρῆμα
639 2187 806 2276 σύμβολον,
840 2190 980 2275 praeter
1014 2189 1161 2274 σύμβολον
1193 2209 1305 2255 omnes
1335 2206 1401 2253 una

261 2295 353 2394 apud
373 2296 567 2366 Hesiodum.

346 2713 570 2782 Hesiodus
603 2714 730 2803 primus
759 2714 811 2782 his
845 2715 981 2784 vocibus
1012 2737 1092 2784 usus
1123 2719 1195 2784 est:

255 2821 291 2888 in
314 2823 525 2910 Theogonia:

313 2998 316 3004 ,
346 2935 493 3021 ἀψευδής]
510 2933 614 3001 Aroh.
629 2935 690 3002 101
699 2933 755 3002 Cr.
779 2933 852 3008 Ζεύς
877 2935 977 3021 μάντις
1001 2937 1031 3000 ἐν
1043 2934 1160 3001 ’θεοῖσιν
1173 2933 1400 3023 ἀψευδέστατος.

256 3042 337 3109 Hem
351 3042 485 3110 Th.233
511 3043 615 3129 Νηρέα
639 3043 773 3130 ἀψευδέα
795 3042 887 3128 dicit,
925 3045 1012 3114 unde
1034 3044 1070 3111 in
1098 3043 1282 3113 Nereidum
1312 3027 1401 3113 cate·

261 3150 375 3238 logum
399 3152 475 3219 246
497 3153 620 3221 Nereis
644 3150 787 3240 Ἀφευδῆς
810 3155 977 3242 pervenit.
1021 3177 1141 3222 nomen
1163 3160 1283 3243 postea
1313 3153 1403 3243 apud

263 3259 359 3326 Pind.
372 3261 493 3329 Aesch.
508 3263 588 3329 Eur.
606 3261 696 3330 Plet.
714 3262 839 3330 Herod.
864 3263 1035 3352 sequiores
1058 3264 1196 3353 legitur.

348 3371 504 3458 ἐφίμερος]
527 3372 630 3439 Arch.
642 3374 697 3444 21³
722 3375 756 3438 ού
780 3372 836 3462 γάρ
859 3398 886 3438 τι
915 3373 1006 3448 καλὸς
1036 3380 1137 3462 χῶρος
1168 3374 1230 3439 οὐδ’
1262 3374 1402 3462 ἐφίμερος

260 3481 320 3543 κτλ.
367 3480 445 3546 Hes.
465 3480 524 3547 Th.
540 3483 602 3548 132
627 3483 679 3567 (=
695 3485 785 3552 Seni.
801 3483 854 3570 15)
894 3482 964 3570 ἄτερ
996 3486 1153 3570 φιλότητος
1184 3485 1325 3574 ἐφιμέρου
1356 3485 1403 3553 le·
1448 3569 1452 3578 Ι

259 3588 363 3674 gitur.
409 3589 604 3657 Archilochi
633 3592 707 3660 loco
740 3593 928 3660 simillimus
963 3598 1015 3661 esi
1043 3592 1189 3665 Semlm
1223 3594 1318 3680 κείνηι
1346 3593 1402 3682 γὰρ

258 3697 292 3762 ού
316 3722 342 3763 τι
364 3699 456 3764 καλὸν
480 3700 543 3764 οὐδ’
568 3703 707 3789 ἐπίμερυν
730 3705 885 3790 πρόσεστιν
917 3702 988 3770 oio&
1018 3702 1139 3789 τερπνὸν
1171 3703 1234 3768 οὐδ’
1258 3704 1398 3791 ἐράσμιον

259 3831 326 3874 vox
348 3813 468 3895 postea
490 3810 618 3897 legitur
635 3812 781 3899 Theogn.
795 3813 858 3878 993
882 3813 1023 3900 ἐφίμερον
1043 3813 1134 3899 ὕμνον
1150 3813 1260 3878 ἀείδειν
1276 3813 1398 3882 Aesch.

263 3915 342 3984 Cho.
353 3919 419 3984 840
435 3918 534 4006 Soph.
549 3920 611 3987 ΟΒ
624 3923 708 3989 1375
731 3921 873 4010 denique
896 3922 986 4010 apud
1004 3923 1252 3992 recentissimos
1272 3928 1401 4012 poetas.

350 4030 453 4112 ζῆλος]
483 4051 602 4097 nomen
633 4031 777 4117 primum
808 4031 982 4100 invenitur
1004 4033 1084 4100 Hoc.
1098 4032 1210 4100 Ο.19ὅ
1235 4037 1325 4120 ζῆλος
1348 4035 1402 4099 ἀν-

259 4137 423 4222 θρώποισιν
460 4187 499 4202 ..
538 4141 701 4227 ύμαρτίρσει
737 4143 945 4229 στυγερώπης,
981 4142 1042 4209 Th.
1057 4142 1122 4210 384
1135 4141 1238 4229 Ζῆλος
1262 4147 1297 4210 eh
1321 4143 1399 4230 Νίκη

262 4244 383 4333 Stygis
411 4246 512 4313 liberi
543 4249 743 4317 efferuntur.
790 4251 962 4322 Archoo,
988 4251 1051 4316 οὐδ’
1076 4250 1137 4317 εἷλέ
1159 4254 1207 4316 πώ
1232 4277 1269 4338 με
1301 4255 1399 4340 ζῆλος.

257 4358 377 4442 postea
400 4379 466 4422 vox
488 4356 577 4444 apud
599 4381 712 4426 omnes
734 4360 807 4428 fere
831 4363 889 4428 exi
912 4363 937 4428 i.

347 4464 554 4550 κατασιιύζω]
576 4467 748 4542 Ατολκ29υ
773 4472 792 4555 ῆ
818 4469 851 4532 δέ
875 4470 903 4533 οἱ
925 4471 1003 4556 κύμη
1029 4471 1129 4557 ὤμους
1151 4471 1329 4544 κατεσκίαζε
1352 4471 1401 4537 καί

263 4571 443 4661 μετάφρενα.
488 4577 685 4644 vocobulum
719 4601 786 4648 non
817 4577 947 4670 legitur
975 4583 1055 4652 anie
1076 4579 1157 4651 Hes.
1170 4580 1231 4649 Th.
1241 4581 1305 4650 716
1326 4580 1404 4649 κατὰ
