3186 5106
748 367 789 451 53

188 559 265 624 cent
297 557 363 624 loci
393 558 489 627 velut
512 559 623 626 Xacl
660 559 775 650 μάρψαι
807 561 890 626 ποσίν
925 562 1035 630 cece
1059 561 1174 652 μάρψηι
1196 565 1338 652 ταχέεσσι

186 668 334 732 ποδέσοιν.
381 667 546 736 hominem
569 669 725 736 timidum
748 667 973 738 Archilochus
998 673 1061 738 188
1093 675 1189 759 πρόκα
1222 673 1335 762 appel-

188 776 275 845 lavit
310 777 467 845 similiter
501 782 604 867 atque
644 779 797 846 Achilles
828 783 861 845 A
877 781 941 846 225
976 781 1060 848 dicit
1093 781 1337 868 Agamemnoni

189 908 262 952 esse
279 887 403 972 κραδίην
427 886 561 974 ἐλάφοιο.
608 887 695 954 unde
719 910 791 953 cum
809 888 892 955 satis
910 893 1084 976 appareat,
1103 912 1201 978 quam
1217 893 1336 958 crebro

188 991 411 1060 Archilochus
432 993 551 1080 figuris
573 993 675 1081 epicis
699 1017 778 1060 usus
804 995 859 1077 sit,
883 995 950 1060 iam
973 995 1008 1061 iu
1031 1019 1095 1062 uno
1120 996 1271 1084 exemplo
1294 1019 1335 1063 ex

188 1096 305 1184 elegiis
335 1097 444 1186 petito
477 1098 668 1181 videamus,
702 1099 866 1187 quomodo
899 1123 957 1167 eae
991 1101 1120 1188 figurae
1151 1102 1186 1168 in
1208 1102 1335 1168 maiore

187 1228 315 1272 conexu
339 1230 415 1274 sese
438 1207 592 1295 excipere
616 1208 802 1295 potuerint.
848 1209 916 1276 fr3

316 1315 351 1383 οό
374 1341 419 1383 τοι
441 1317 525 1381 πόλλ’
550 1317 599 1382 ἐπὶ
622 1319 691 1390 τόξα
714 1318 890 1383 τανύσσεται
914 1319 985 1383 οὐδὲ
1011 1321 1136 1405 δαμεῖαι

382 1427 552 1509 σφενδόναι,
578 1427 636 1491 εὖτ’
664 1427 697 1491 όίν
723 1427 760 1513 δὴ
787 1431 886 1512 μῶλον
906 1427 996 1514 Ἄρης
1021 1429 1149 1516 σονάγηι

315 1536 345 1599 ἐν
368 1536 485 1618 πεδίων,
510 1537 619 1623 ξιφέων
645 1535 678 1600 δὲ
702 1537 881 1602 πολύστονον
906 1538 1027 1603 ἔσσεται
1050 1539 1152 1626 ἔργον·

379 1647 488 1732 ταύτης
510 1645 567 1733 γόιρ
589 1647 681 1711 κεῖνοι
705 1648 842 1732 δαίμονές
866 1649 925 1713 εἰσι
949 1649 1067 1736 μάχης,

315 1757 456 1820 δεσπόται
481 1755 608 1844 Εόβοίης
635 1758 829 1844 δουρικλυτοί.

185 1863 220 1929 in
242 1864 362 1952 quibus
386 1865 480 1954 epica
511 1870 564 1933 est
594 1867 710 1934 tmesis
741 1867 822 1933 ἐπί.
848 1861 1073 1945 .’τανόσσεται,
1105 1867 1234 1954 epicum
1265 1866 1333 1954 epi·

186 1972 306 2041 theton
328 1975 509 2042 fundarum
534 1978 657 2062 ίλαμεῖαι
681 1976 785 2062 (Mel
818 1977 921 2042 Ξ422
956 1978 1082 2061 δαμείας
1114 1976 1256 2062 αἰχμάς);
1292 1999 1334 2042 ex

188 2083 289 2170 epicis
321 2085 440 2171 figuris
472 2085 656 2173 composita
684 2089 738 2153 est
769 2107 857 2154 nova
879 2085 940 2151 illa
964 2089 1063 2171 μῶλον
1081 2085 1168 2171 Ἄρης
1192 2085 1332 2169 σονοίγηι;

187 2195 215 2256 ἐν
241 2194 347 2258 πεδίων
370 2192 464 2280 (παροδ
486 2195 601 2281 νηυσίν)
624 2194 724 2262 Σ256
755 2195 791 2260 iu
820 2218 940 2263 versus
975 2193 1072 2262 initio
1102 2194 1230 2280 legitur
1260 2216 1333 2261 cum

189 2303 409 2370 antecedente
433 2303 619 2388 coniuncti;
653 2305 767 2372 verbis
792 2305 901 2390 ξιφέων
924 2297 1103 2369 πολύστονον
1134 2303 1252 2368 ἔσσεται
1282 2328 1333 2389 ερ-

185 2438 237 2497 γον
261 2412 341 2501 quid
364 2412 450 2501 epici
471 2413 555 2480 insit
578 2413 693 2501 paullo
718 2418 797 2481 ante
820 2414 975 2481 vidimus.
1022 2414 1198 2502 epitheton
1232 2417 1333 2499 δοορι-

186 2524 291 2595 κλυτός
323 2524 364 2588 ab
395 2522 542 2588 Homero
568 2521 650 2589 1345
676 2522 785 2588 Nato
819 2523 1028 2611 quorundam
1059 2522 1197 2589 heroum
1230 2521 1332 2589 nomi·

190 2633 288 2699 nibus
313 2630 460 2714 additur,
485 2633 527 2697 ab
550 2632 755 2698 Archilocho
780 2633 876 2718 genti
898 2631 1074 2699 tribuitur.
1121 2631 1262 2719 denique
1284 2631 1333 2696 in·

186 2741 279 2827 signe
302 2741 405 2808 habes
428 2740 618 2808 uberrimae
641 2741 842 2808 imitationis
861 2740 974 2828 opicae
992 2739 1188 2828 exemplum,
1206 2743 1332 2831 quauta

184 2872 250 2916 non
280 2848 315 2915 in
338 2849 488 2915 omnibus
514 2848 630 2935 elegiis
655 2849 781 2932 fuerit,
818 2849 939 2916 nedum
969 2848 1004 2914 in
1036 2847 1112 2916 aliis
1147 2836 1329 2935 generibus

185 2959 333 3047 cogitari
354 2958 474 3047 possit.

275 3069 347 3134 Iam
377 3069 499 3135 adeas
530 3091 629 3136 voces
659 3074 871 3135 transeamus
904 3089 988 3155 quae
1011 3067 1054 3134 ad
1077 3089 1198 3155 corpus
1221 3067 1333 3133 huma·

186 3204 265 3246 num
287 3179 446 3246 attinent.
493 3199 634 3266 quarum
657 3200 724 3243 non
747 3177 854 3244 solum
878 3175 1031 3263 singulae
1047 3177 1136 3264 apud
1151 3177 1334 3244 Homerum

187 3293 222 3356 et
245 3288 485 3355 Archilochum
508 3288 642 3354 eaedem
666 3293 754 3369 sunt,
792 3286 850 3353 sed
878 3286 982 3353 etiam
1004 3287 1133 3373 figurae
1158 3286 1331 3374 quaedam.

189 3403 290 3486 caput
330 3399 420 3487 apud
451 3399 633 3464 Homerum
665 3396 837 3464 interdum
875 3395 952 3462 aliis
990 3396 1141 3484 corporis
1175 3396 1331 3484 partibus

182 3509 364 3597 opponitur
388 3508 483 3576 velut
506 3507 626 3592 κεφαλὴ
650 3505 701 3570 καί
724 3509 801 3591 ὦμοι
819 3505 840 3568 Γ
855 3505 920 3570 227
947 3505 1043 3577 ί235
1065 3504 1168 3571 0125
1192 3504 1327 3590 κεφαλὰς

181 3618 232 3684 καὶ
254 3621 358 3705 χεῖρας
382 3618 501 3709 φ225ι
534 3615 757 3684 Archilochus
791 3619 903 3681 totum
931 3636 1052 3702 corpus
1077 3615 1330 3702 comprehendit

186 3731 241 3800 121
265 3729 399 3816 κεφαλὴν
422 3727 473 3793 καί
495 3728 637 3814 χαρίεντα
669 3727 769 3811 μέλεα.
817 3725 905 3791 idem
936 3725 1024 3812 quod
1056 3725 1091 3790 in
1127 3725 1189 3792 hac
1221 3725 1332 3811 figura

188 3843 390 3907 observatur
413 3837 478 3904 soli
509 3837 614 3905 alteri
643 3835 769 3901 nomini
792 3834 969 3922 epitheton
991 3833 1071 3901 addi
1092 3835 1215 3920 χαρίεις,
1242 3835 1331 3923 quod

185 3949 299 4038 potius
322 3949 358 4015 in
387 3947 502 4037 priore
535 3949 744 4034 expectatur,
776 3944 865 4031 apud
888 3945 1071 4011 Homerum
1102 3944 1199 4012 valet
1222 3944 1331 4010 [1798

183 4058 261 4146 κάρη
292 4059 395 4146 χαρίεν
427 4082 459 4122 τε
493 4057 638 4141 μέτωπον.
705 4058 787 4121 nota
819 4054 930 4140 figura
954 4053 1048 4141 epica
1071 4058 1124 4121 est
1149 4046 1331 4140 μετάφρενον

183 4168 240 4256 ἠδὲ
262 4167 312 4233 καί
336 4170 439 4254 ὤμους
463 4167 563 4233 cana
585 4165 710 4232 3265:
751 4163 973 4230 Archilochus
1004 4184 1044 4229 ea
1072 4162 1185 4230 utitur
1214 4163 1332 4230 ordine

179 4279 315 4347 inverso
344 4278 401 4347 29³
433 4278 534 4360 ὤμους
571 4274 748 4345 κατεσκίαζε
780 4272 830 4336 καὶ
863 4266 1032 4358 μετάφρενα
1065 4271 1164 4337 simul
1194 4272 1330 4339 rariore

179 4387 326 4477 pluralis
352 4386 464 4453 forma
486 4385 624 4451 inducta
646 4405 731 4471 quae
755 4381 844 4470 apud
860 4383 1042 4448 Homerum
1057 4403 1125 4447 non
1139 4380 1205 4447 uisi
1224 4382 1330 4448 Μ428

182 4499 288 4566 extat.
345 4496 439 4564 aliud
469 4493 656 4582 exemplum
688 4493 846 4560 habemus
878 4491 942 4558 139
977 4490 1084 4564 πολλὸς
1119 4490 1144 4554 δ’
1158 4490 1254 4576 ἀφρός
1290 4492 1325 4575 ἦν

181 4607 248 4698 περὶ
272 4609 377 4697 στόμα.
422 4603 530 4675 simile
553 4603 635 4693 quid
655 4602 784 4692 legitur
805 4601 911 4669 Υ168
933 4602 1000 4691 περί
1031 4601 1055 4666 τ’
1081 4599 1177 4692 ἀφρός
1207 4602 1329 4675 ὀδόντας
