3186 5106
736 361 776 434 31

188 544 332 616 iudicari
354 549 478 636 potest.
524 543 787 613 Eratosthenem
811 544 851 611 de
874 543 933 610 illo
967 541 1094 640 τήνελλα
1116 538 1328 609 sollicitati

186 660 251 726 119
275 663 310 726 et
334 657 491 726 Herculis
514 656 639 741 hymno
663 654 772 741 egisse
799 677 816 720 e
840 653 940 726 schol.
962 652 1059 718 Pind.
1084 653 1122 719 Ο.
1138 649 1219 720 IXl
1242 674 1327 719 com·

187 769 345 858 perimus
391 765 593 854 Apollonius
617 764 769 831 Rhodius
801 766 831 827 ἐν
863 773 919 827 τῶν
948 761 1015 848 περὶ
1036 762 1216 849 Ἀρχιλόχου
1239 762 1328 829 libro

188 881 230 945 ab
253 875 529 944 AthenX451d
561 870 700 940 laudato
730 873 772 940 de
796 872 942 958 σκυτάλης
966 895 1046 939 voce
1071 871 1249 939 disseruit:
1288 872 1330 940 de

187 987 249 1054 hoc
271 989 470 1072 argumento
495 983 654 1051 similiter
677 1006 751 1050 eum
774 982 981 1071 quaesivisse
1013 981 1196 1049 credideris
1228 985 1331 1069 atque

190 1095 455 1183 Aristophanem
484 1092 797 1180 Aristarchumque.
848 1091 888 1160 de
920 1091 1162 1179 Aristophanis
1198 1091 1330 1179 quidem

190 1202 527 1272 commentatiuncula
557 1201 682 1268 Athen.
696 1201 833 1268 Inane
871 1202 954 1268 haec
993 1200 1095 1267 dicit:
1136 1201 1328 1286 μνημονεύων

193 1315 313 1400 δἀάτῇς
344 1314 400 1400 (sc.
424 1321 477 1398 τῆς
508 1312 653 1399 τελλίνης)
678 1311 711 1375 'A
734 1310 897 1396 ιοτοφάνης
928 1313 943 1373 ὁ
977 1309 1180 1397 γραμματικὸς
1212 1312 1242 1375 ἐν
1278 1320 1333 1375 τοῖο

190 1423 325 1510 περὶτῆς
347 1423 515 1509 ἀχνυμένης
539 1421 689 1506 σκυτάλης
712 1419 919 1506 συγγράμματι
943 1421 1046 1505 ὁμοίας
1070 1419 1160 1506 φησὶν
1183 1417 1258 1486 εἶναι
1280 1418 1332 1492 τὰς

189 1533 319 1605 λεπάδας
347 1533 409 1605 ταῖς
441 1534 636 1616 καλουμέναις
659 1530 811 1610 τελλίναις,
835 1531 871 1596 cf
883 1529 1011 1596 Nauck.
1023 1529 1086 1596 Ar.
1102 1530 1148 1596 fr.
1163 1554 1185 1617 p
1201 1529 1266 1596 274
1282 1553 1331 1616 aq.

192 1665 272 1710 sane
296 1641 435 1709 Crusius
458 1641 480 1706 l.
498 1640 520 1706 l.
538 1642 639 1728 pean
662 1639 798 1707 dubitat
820 1661 864 1706 an
886 1639 1057 1726 integrum
1079 1639 1231 1707 libellum
1253 1638 1332 1704 Ari·

192 1751 373 1839 stophanes
405 1749 630 1838 composuerit
638 1774 645 1834 ;
680 1750 739 1816 sed
761 1771 834 1816 mea
857 1749 989 1837 quidem
1013 1749 1182 1816 sententia
1204 1753 1335 1816 eertum
1441 1789 1442 1792 =

190 1860 361 1928 Athenaei
384 1859 614 1927 testimonium
637 1858 708 1925 sine
731 1858 935 1944 gravissima
957 1879 1057 1924 causa
1079 1858 1249 1946 nonlicet
1278 1881 1333 1924 ne-

189 1969 297 2057 glegi;
332 1969 430 2038 immo
459 1968 679 2056 copiosiorem
702 1968 1015 2035 commentationem
1037 1968 1142 2034 fuisse
1165 1991 1207 2034 ex
1234 1991 1334 2054 argu·

191 2082 302 2145 mento
319 2078 379 2145 illo
396 2100 562 2166 apparere
578 2077 724 2145 videtur.
771 2078 811 2144 de
828 2077 942 2144 eodem
957 2100 1037 2156 noce
1047 2081 1049 2086 ’
1061 2077 1163 2145 etiam
1179 2077 1334 2144 Aristar-

193 2188 288 2254 chum
311 2188 346 2254 in
376 2186 614 2255 commentario
647 2189 784 2251 ἐπυνδῶν
816 2187 1016 2254 disseruisse
1049 2195 1150 2254 antea
1180 2187 1333 2254 diximus.

194 2297 331 2364 illorum
363 2297 515 2364 virorum
545 2297 615 2363 sine
647 2296 745 2364 dubio
770 2301 866 2376 sunt,
898 2319 983 2385 quae
1006 2297 1047 2365 de
1070 2297 1239 2384 ἀχνυμένης
1263 2321 1335 2360 σκυ-

193 2405 284 2492 τάλης
317 2429 398 2474 voce
421 2406 456 2472 in
479 2406 615 2473 scholiis
640 2410 683 2472 et
698 2406 814 2473 lexicis
838 2406 1009 2492 leguntur.
1060 2407 1117 2473 ubi
1139 2406 1247 2473 multa
1269 2405 1337 2473 alia
1388 2411 1389 2416 ’

192 2514 303 2583 latere
327 2523 456 2582 certum
480 2519 596 2583 estex
620 2515 689 2582 illis
713 2516 963 2583 commentariis
983 2521 1018 2583 et
1033 2515 1158 2584 libellis
1178 2519 1334 2599 servata;

191 2623 354 2712 imprimis
379 2624 415 2690 in
425 2625 596 2710 Hesychio
619 2625 727 2692 multa
749 2624 896 2692 inveniri
919 2624 1089 2710 videntur,
1113 2625 1148 2692 id
1170 2625 1259 2712 quod
1275 2625 1336 2692 hoc

191 2732 264 2800 loco
287 2733 454 2802 monuisse
478 2734 562 2802 satis
587 2737 649 2802 est.
925 2738 926 2742 ’

281 2843 427 2911 Praeter
458 2844 611 2910 virorum
645 2844 819 2912 doctorum
849 2843 1031 2913 editionem
1065 2843 1335 2934 quaestiunculas

194 2950 262 3018 alie
284 2953 444 3020 momoria
466 2953 581 3040 paucis
605 2953 806 3041 attingenda
828 2958 881 3021 est
914 2955 1007 3021 ouius
1039 2955 1225 3022 auctoritas
1244 2978 1335 3032 ⁴ver·

194 3068 296 3149 gente
320 3061 544 3150 antiquitate,
569 3085 641 3129 oum
664 3062 812 3131 homines
836 3064 972 3130 illarum
995 3065 1180 3132 editionum
1202 3067 1337 3132 uberta·

194 3174 263 3237 tem
286 3194 447 3259 spernere
469 3171 667 3260 inciperent,
692 3173 776 3241 satis
799 3173 916 3259 gravis
940 3174 1156 3242 reddebatur.
1222 3174 1258 3241 in
1280 3196 1337 3240 an·

193 3278 355 3366 thologiis
379 3281 527 3348 carmina
550 3281 676 3348 selecta
698 3306 758 3370 per
781 3283 917 3369 longum
940 3281 1083 3372 tempus¹
1101 3280 1337 3367 tradebantur,

195 3389 346 3474 quamvis
370 3411 511 3477 parvam
534 3390 737 3478 reliquerint
760 3392 962 3459 memoriam.
1015 3401 1130 3461 tamen
1152 3394 1254 3461 etiam
1277 3415 1338 3459 nos

196 3503 335 3584 praeter
360 3498 517 3566 Orionem
540 3501 698 3566 habemus
722 3502 908 3589 exemplum
932 3502 1126 3585 stobaeum,
1151 3503 1244 3570 cuius
1266 3504 1339 3569 fon·

198 3610 267 3672 tem
297 3607 370 3694 ipso
402 3609 509 3674 multo
541 3610 765 3677 vetustiorem
798 3633 870 3678 esse
903 3612 1025 3678 Dielsii
1047 3613 1160 3679 Elteri
1194 3612 1338 3679 aliorum

198 3716 491 3803 explanationibus
522 3718 747 3804 cognovimus
801 3720 852 3786 ita
884 3721 986 3788 etiam
1008 3721 1205 3788 Archilochi
1233 3742 1340 3809 pauca

198 3825 347 3892 carmina
369 3825 703 3911 circumferebantur,
728 3829 820 3896 cuius
844 3830 896 3896 rei
917 3831 1065 3916 vestigia
1088 3833 1241 3918 (praeter
1265 3829 1340 3896 Sto·

197 3933 327 4022 baeum)
350 3934 403 4001 hio
425 3935 496 4002 illio
519 3959 720 4023 cognoscere
751 3938 853 4006 etiam
881 3940 976 4006 nobis
1006 3939 1107 4007 licet:
1143 3937 1339 4024 anthologia

196 4044 382 4111 utebantur
405 4052 440 4112 ct
464 4044 523 4110 alii
540 4045 576 4131 18)
608 4052 644 4114 et
674 4054 793 4114 auctor
817 4049 1051 4136 Olympiodori
1074 4049 1341 4134 scholiasteeque

196 4150 345 4220 Aristot.
370 4153 487 4240 dequo
513 4154 555 4219 ad
577 4157 644 4223 fre
668 4179 813 4243 agemus.
903 4158 1079 4226 morientis
1095 4158 1184 4246 ignis
1198 4178 1340 4244 parvam

198 4259 381 4329 scintillam
403 4266 483 4349 post
505 4285 643 4351 magnas
667 4269 826 4334 tenebras
843 4267 1138 4354 deprehendimus:
1162 4288 1239 4333 nam
1255 4266 1339 4334 (lon-

195 4371 498 4457 stentinusRhod.,
522 4374 591 4444 Leo
615 4375 833 4463 philosophus
865 4385 904 4444 ut
933 4377 1095 4444 sermonis
1117 4376 1242 4444 lumine
1265 4398 1341 4444 ver·

201 4529 406 4543 *nm-...-

268 4602 319 4690 λυ)
338 4619 365 4674 εν
383 4618 457 4678 intra
477 4623 558 4682 ατο.
