3186 5106
792 386 821 486 ‘i

414 591 474 681 εἰμὶ
498 592 587 678 δ’ἐγὼ
612 591 752 679 θεράπων
777 593 829 680 μὲν
852 573 1020 658 Ἐνυαλίοιο
1044 575 1169 668 isauro<

456 701 507 768 καὶ
531 702 679 768 Μουσέων
703 701 807 791 ἐρατὸν
831 705 924 790 δῶρον
948 702 1151 787 ἐπιστάμενος.

234 810 432 880 ‘ministrum
465 811 573 900 igitur
609 833 645 879 se
667 811 820 901 appellat
842 811 965 881 Martis
995 834 1062 880 non
1085 811 1275 896 Musarum,
1299 836 1382 902 quas

239 919 406 1009 poeticam
438 924 548 989 artem
580 919 646 987 sibi
677 921 819 989 donasse
829 920 869 1010 ¹⁵)
903 920 1085 1016 profitetur
1121 922 1238 990 doctus
1272 925 1384 1012 poeta.

240 1033 361 1098 contra
384 1027 595 1097 oraculorum
618 1034 737 1098 auctor
754 1053 827 1097 cum
845 1030 1013 1117 θεράποντα
1030 1029 1184 1095 Μουσάων
1206 1030 1294 1098 dixit
1316 1030 1383 1099 alio

240 1160 320 1205 usus
356 1141 409 1206 est
443 1137 575 1205 nomine
609 1137 696 1226 quod
728 1160 795 1205 non
825 1139 867 1206 ab
889 1136 1094 1206 Archilocho
1127 1138 1187 1206 sed
1219 1162 1261 1206 ex
1292 1138 1386 1226 epica

238 1247 334 1336 poesi
355 1250 531 1315 mutuatus
554 1245 666 1332 esim).
814 1250 816 1253 ’
1119 1326 1120 1329 ¹

239 1350 248 1360 ”
327 1354 408 1423 Cum
431 1355 540 1443 igitur
563 1354 700 1423 oracula
721 1355 953 1424 Archilocheis
984 1355 1099 1423 verbis
1126 1379 1193 1422 non
1216 1355 1384 1422 adornata

239 1481 312 1532 esse
335 1463 544 1553 apparuerit,
569 1463 671 1546 etiam
694 1464 735 1532 de
759 1464 889 1552 origine
913 1486 1028 1531 eorum
1050 1462 1158 1531 adhuc
1179 1463 1264 1530 nihil
1286 1466 1384 1531 effec-

238 1555 311 1641 tum
335 1576 404 1656 esi,
436 1573 503 1640 nisi
534 1574 622 1661 quod
653 1595 720 1640 non
742 1573 835 1641 inani
857 1595 960 1662 opera
983 1595 1023 1640 ea
1045 1597 1087 1640 ex
1109 1572 1291 1641 carminum
1312 1573 1384 1638 fru-

239 1682 339 1751 stulis
354 1683 535 1771 compilata
549 1706 622 1750 csse
645 1682 786 1766 scimus„
817 1679 922 1770 q'uare
945 1686 1052 1750 testes
1077 1684 1215 1771 oporiet
1236 1682 1383 1749 interro·

237 1813 340 1880 gare3
364 1792 430 1859 iam
454 1791 542 1881 quod
563 1791 821 1880 interpretando
844 1791 1032 1859 invenimus
1055 1813 1127 1859 eam
1150 1789 1383 1859 narratiuncu-

237 1900 305 1970 lam
334 1923 401 1968 non
430 1902 471 1970 ab
503 1900 635 1967 homine
667 1899 809 1989 quodam
832 1899 1061 1988 Peripatetico
1092 1899 1269 1968 conflatam
1299 1921 1382 1981 esse,

237 2012 277 2077 ut
299 2007 441 2077 haberet
471 2031 556 2097 quae
587 2008 629 2086 dc
659 2012 780 2098 poetae
811 2008 885 2076 vita
918 2008 1062 2088 diceret,
1098 2009 1156 2076 sed
1186 2015 1300 2076 aetate
1321 2006 1384 2075 illa

237 2122 354 2185 natam
384 2141 457 2186 esse
489 2119 542 2185 cui
571 2118 643 2185 eius
675 2118 809 2205 generis
840 2121 1027 2186 commenta
1056 2118 1208 2185 tribuere
1238 2117 1384 2184 nondum

237 2215 356 2307 liceat,
389 2225 581 2294 Aristotele
613 2228 703 2294 teste
727 2230 856 2294 certum
878 2225 927 2293 fit.
973 2226 1030 2314 qui
1053 2250 1117 2315 quo
1141 2233 1280 2294 auctore
1302 2247 1382 2292 usus

237 2333 284 2401 sit
307 2357 367 2401 nos
385 2334 517 2424 quidem
532 2334 754 2422 nescimus1⁷).
786 2342 902 2424 potest
925 2335 1070 2423 cogitari
1086 2336 1126 2403 dc
1148 2335 1222 2403 vita
1244 2338 1384 2402 veiusta

237 2442 325 2510 sicut
341 2443 553 2511 Homericam
568 2443 770 2512 Hesiodeam
785 2445 944 2512 habemus
956 2443 1005 2531 ¹⁸),
1029 2448 1145 2533 potest
1161 2443 1202 2512 de
1224 2444 1384 2512 memoria
1407 2519 1410 2524 ,

238 2550 307 2657 alia
323 2552 413 2620 inter
425 2553 545 2620 Parios
562 2554 617 2621 vel
633 2553 775 2621 Thasios
791 2553 1003 2642 pervulgata,
1028 2557 1124 2640 ὥρους
1138 2554 1221 2621 dico.
1256 2553 1382 2622 certius

239 2658 280 2727 de
304 2681 344 2726 ea
366 2684 404 2728 re
436 2660 530 2750 loqui
552 2663 697 2730 nondum
719 2662 801 2730 licet
810 2662 857 2746 19).
903 2666 1023 2730 contra
1046 2684 1131 2751 quac
1153 2661 1197 2729 ad
1220 2660 1384 2748 originem

230 2765 479 2871 explorandam
508 2769 638 2860 aliquid
669 2771 786 2839 valere
807 2770 889 2837 mihi
911 2770 1070 2839 videntur
1094 2771 1244 2838 afferam.
1289 2770 1382 2837 Alci·

238 2875 353 2943 damas
389 2877 479 2966 apud
510 2878 660 2948 Aristot.
683 2878 771 2947 rhet.
788 2878 825 2945 H
839 2877 928 2962 232⁰)
963 2901 1037 2946 cum
1076 2879 1117 2947 dc
1150 2878 1267 2947 multis
1304 2878 1382 2948 aliis

240 3037 446 3050 ——r—a———a

312 3126 355 3194 15)
374 3122 474 3180 nobilis
503 3143 569 3182 usus
595 3127 689 3197 paucis
717 3127 849 3197 exemplis
869 3127 1003 3196 defungar
1023 3127 1040 3182 0
1058 3129 1119 3183 481.
1139 3130 1192 3182 488
1211 3127 1313 3183 Hesiod
1332 3129 1384 3185 Th.

235 3217 271 3272 tt
284 3219 318 3271 99
331 3219 380 3272 103
400 3216 433 3273 0.
452 3219 504 3273 669
524 3219 580 3274 Sol.
601 3223 657 3292 19ῆι
679 3221 765 3290 epigr.
785 3221 852 3276 228·
871 3225 894 3276 2.
915 3223 980 3292 655,
998 3221 1032 3277 Κ.

312 3309 353 3376 16)
373 3307 408 3362 ad
429 3310 571 3379 aristoph.
590 3313 641 3369 Av.
661 3313 713 3367 909
732 3314 785 3367 913
810 3313 895 3368 schol.
915 3312 940 3364 V
964 3311 1093 3367 adferunt
1112 3314 1249 3382 Margitae
1275 3330 1381 3371 versum

236 3400 263 3455 fr
285 3403 309 3471 l,
329 3401 373 3455 Ki.
393 3401 421 3456 cf
439 3411 583 3472 praeterea
602 3406 691 3475 hymn.
712 3406 790 3461 Hom.
809 3407 876 3477 39η.
896 3405 961 3460 Hes.
981 3405 1032 3460 Th.
1056 3408 1106 3460 100
1124 3406 1246 3476 Theogo.
1266 3410 1326 3462 769.

240 3517 246 3524 -
313 3493 451 3562 17),υυο(1
470 3495 607 3550 Christius
627 3496 673 3552 Gr.
694 3497 819 3553 unt-o.
833 3498 845 3531 ⁸
860 3489 922 3569 135Ι
942 3498 1059 3553 coniecit
1077 3499 1197 3556 fabulam
1225 3504 1252 3558 in
1273 3504 1384 3560 Alcida·

236 3588 337 3641 meotis
357 3588 476 3658 μουοοίωι
494 3591 620 3645 extitisse
639 3593 807 3659 argumentis
827 3600 918 3646 caret:
944 3591 1050 3660 dequo
1070 3610 1139 3661 quae
1159 3596 1301 3653 Nitzschio
1320 3615 1381 3652 auc·

235 3687 297 3736 tore
317 3681 547 3736 circumferuntur
566 3683 646 3737 nihili
666 3698 726 3738 esse
745 3684 801 3738 alio
821 3685 881 3739 loco
901 3700 982 3753 spero
1002 3701 1045 3739 me
1064 3688 1251 3756 expositurum
1271 3707 1340 3746 esse.

308 3776 352 3844 18)
372 3775 478 3842 qualem
493 3773 617 3842 Orosius,
636 3777 682 3845 qui
701 3784 792 3831 tamen
805 3777 1030 3832 Piccolomioium
1043 3788 1154 3835 secutus
1166 3782 1238 3836 hanc
1250 3782 1381 3838 fabellam

176 3930 182 3946 Ι
234 3867 414 3920 recentiorem
434 3865 531 3933 habet,
559 3867 744 3923 Alcidemanti
763 3879 856 3925 notam
876 3870 961 3928 fuisse
980 3871 997 3924 l.
1010 3871 1027 3924 l.
1047 3888 1065 3941 p
1083 3873 1135 3926 496
1156 3875 1312 3943 suspicatus
1332 3885 1382 3934 est.

307 3960 354 4028 19)
373 3959 403 4014 cf
419 3960 611 4016 Wilsmowitz.
637 3963 722 4018 Arist.
734 3965 835 4020 uAth.
847 3965 873 4018 11
887 3968 927 4020 18.
951 3995 987 4005 -
1012 3968 1168 4034 nuperrime
1197 3969 1319 4026 Hiilerus
1347 3971 1382 4027 dc

235 4049 418 4120 Gtertriugen
437 4053 503 4107 Pari
523 4054 633 4110 titulum
653 4056 771 4123 invenit,
800 4055 871 4110 unde
891 4055 919 4110 id
938 4057 1010 4125 quod
1029 4057 1258 4116 Wilamowitzius
1277 4079 1381 4119 mecum

234 4144 441 4200 commonefecit
469 4162 522 4200 non
551 4148 638 4202 solum
669 4165 753 4204 novos
784 4150 915 4219 quosdam
943 4165 1038 4206 versus
1070 4167 1264 4220 cognoscemus
1289 4174 1382 4226 quum·

235 4254 315 4306 quam
335 4239 434 4293 misere
452 4240 611 4308 mutilatus,
630 4242 678 4296 sed
697 4242 781 4297 etiam
800 4243 827 4297 id
847 4241 982 4298 discemus
1001 4246 1090 4313 primo
1111 4262 1137 4302 a.
1158 4247 1221 4303 Chr.
1240 4265 1311 4304 saec.
1331 4253 1382 4306 Pa·

233 4331 304 4384 rium
330 4330 466 4386 hominem
494 4332 528 4387 de
554 4335 670 4389 Coerani
695 4335 771 4391 iliius
799 4337 883 4392 Arch.
904 4335 995 4391 fr114
1018 4339 1160 4394 archontis
1187 4341 1263 4397 Parii
1288 4351 1381 4400 aetate

234 4439 332 4493 egisse.
1357 4441 1359 4444 '

304 4519 351 4587 90)
369 4519 422 4573 hoc
440 4519 622 4588 fragmentum
636 4537 652 4576 a
666 4522 787 4592 Sauppio
801 4540 880 4593 quem
893 4524 1033 4581 Vahlcnus
1052 4527 1079 4578 in
1100 4527 1170 4582 actis
1191 4545 1245 4584 soc.
1260 4530 1378 4588 vindob.

233 4612 393 4672 Χο111009
419 4621 529 4671 secutus
555 4623 598 4672 est
624 4632 723 4687 parum
748 4625 824 4678 reste
848 4609 920 4675 inter
939 4605 1029 4675 Musei
1055 4610 1217 4694 fragments*
1235 4611 1376 4696 receptum
