3186 5106
798 349 841 420 64

248 531 417 617 ὲδαιοάμην
455 528 538 597 dicit
567 528 670 595 Arch.
693 528 747 595 99.
790 528 946 596 Minerva
981 527 1076 596 Ulixi
1115 529 1204 596 senis
1239 529 1393 600 habitum

249 641 375 708 datura
408 663 481 706 eum
505 636 692 725 alloquitur
724 638 819 704 ν398
853 639 957 726 κάρψω
992 637 1044 723 μέν
1076 641 1154 726 χρόα
1176 640 1277 724 καλόν,
1301 639 1392 728 quod

243 746 419 816 consilium
441 747 536 813 2430
566 746 719 834 perficit:
755 745 870 812 eodem
901 746 1086 814 senectutis
1119 746 1242 814 indicio
1264 748 1387 816 Archi-

244 856 360 923 lochus
386 857 448 922 100
471 855 582 922 utitur
605 853 703 918 οὐκέθ’
732 857 814 939 ὁμῶς
839 846 958 928 θάλλεις
982 853 1131 919 ἁπαλὸν
1156 857 1263 942 χρόα·
1298 858 1386 943 κάρ-

245 990 359 1052 φεται
382 963 438 1051 γὰρ
462 965 533 1050 ἤδη.
579 986 670 1030 mors
693 963 728 1029 in
751 963 845 1052 opica
867 964 961 1052 poesi
984 986 1084 1054 saepe
1108 965 1221 1033 verbis
1255 959 1384 1032 θανάτου

243 1075 326 1148 τέλος
358 1073 655 1156 circumscribitur,
689 1095 762 1140 eam
793 1073 944 1162 effugere
982 1079 1036 1142 est
1069 1065 1225 1162 ἐκρορέείν
1257 1077 1384 1144 θάνατον

247 1182 298 1248 καὶ
319 1191 396 1270 κῆρα
420 1183 448 1246 (1)
464 1184 505 1248 66
529 1181 564 1248 cf
576 1184 601 1246 A
613 1182 677 1248 362
701 1181 726 1246 Υ
736 1181 817 1248 449:
850 1181 1073 1250 Archilochus
1097 1207 1170 1250 cum
1192 1183 1254 1251 illa
1277 1185 1388 1273 figura

244 1292 307 1358 hoc
338 1293 478 1359 verbum
507 1289 680 1356 coniunxit
717 1291 751 1359 6ο
780 1290 921 1377 ἐξέφυγον
952 1292 1081 1357 θανάτου
1104 1293 1197 1374 τέλος,
1222 1292 1266 1362 ad
1288 1317 1385 1382 quem

245 1400 397 1489 proxime
420 1400 550 1468 accedit
570 1400 739 1466 'Homerus
754 1401 844 1466 2326
867 1401 950 1474 τέλος
975 1401 1104 1468 θανάτου
1129 1403 1278 1470 ἀλεείνων.
1345 1404 1387 1472 11-

244 1510 311 1576 lam
344 1510 488 1596 figuram
524 1510 620 1581 τοίοος
653 1510 710 1595 γὰρ
739 1508 816 1574 κατὰ
849 1515 929 1596 κῦμα
962 1512 1195 1599 πολοφλοίσβοιο
1231 1505 1388 1600 θαλάσσης

240 1618 360 1684 ἔκλασεν
390 1619 423 1688 9³
455 1619 516 1685 hoc
550 1617 622 1685 loco
647 1617 682 1685 in
704 1618 896 1686 memoriam
919 1643 1126 1688 revocamus.
1171 1624 1385 1689 mortuorum

242 1749 385 1815 corpora
405 1735 445 1795 ut
461 1727 600 1794 Homeri
614 1727 665 1794 ita
680 1727 877 1795 Archilochi
893 1730 1101 1817 temporibus
1125 1733 1384 1799 cremabantur:

243 1839 286 1904 ad
307 1861 404 1925 quem
426 1861 523 1904 usum
546 1836 697 1924 pertinet
720 1837 823 1904 Arch.
842 1839 882 1904 12
906 1840 932 1902 εἰ
953 1839 1053 1904 κείνου
1076 1839 1211 1926 κεφαλὴν
1239 1839 1288 1906 καὶ
1318 1867 1378 1928 χοι-

240 1949 338 2035 ρίεντα
362 1948 454 2034 μέλεα
469 1939 643 2034 Ἥφαιστος
670 1949 845 2033 καθαροῖσιν
871 1949 902 2013 ἐν
933 1949 1049 2034 εἵμασιν
1082 1951 1304 2037 appensione:
1336 1951 1377 2018 de

239 2083 320 2128 voce
353 2059 575 2146 ἀμμιπονέομαι
603 2061 723 2145 postea
756 2057 912 2124 dicemus.
981 2083 1022 2126 ex
1049 2082 1171 2147 magna
1194 2059 1382 2127 officiorum

241 2169 337 2258 copia
365 2191 450 2256 quae
479 2167 520 2234 de
554 2166 748 2235 commercio
782 2172 816 2236 et
848 2172 991 2256 quaestu
1014 2168 1199 2237 cottidiano
1224 2171 1383 2259 comperi-

240 2302 313 2346 mus
336 2281 416 2346 ante
440 2277 549 2344 omnia
571 2300 805 2365 proponamus.
850 2278 958 2345 Bere
983 2279 1024 2345 de
1045 2279 1235 2347 Arcadibus
1259 2280 1385 2349 dicitur

242 2386 276 2451 οι1
310 2411 362 2473 σφι
394 2386 543 2451 θαλάσσια
574 2385 647 2472 ἔργα
678 2388 805 2472 μεμήλει
828 2386 877 2454 rei
900 2387 1032 2454 navalis
1054 2387 1202 2475 ignaris,
1234 2389 1329 2476 τῇισίν
1353 2414 1385 2454 τε
1497 2393 1502 2402 '

245 2487 395 2560 θαλάσσια
419 2494 491 2581 ἔργα
516 2495 646 2581 μέμηλεν
670 2496 741 2562 τ67
765 2495 809 2562 ad
831 2517 911 2563 aves
934 2496 1122 2564 maritimas
1150 2498 1382 2583 transfertur;

243 2605 284 2673 de
321 2604 414 2672 victu
444 2605 613 2672 maritimo
644 2604 797 2693 loquitur
821 2606 924 2673 Arch.
942 2608 982 2673 51
1018 2606 1054 2672 ἔα
1078 2601 1177 2695 Πάρον
1205 2607 1258 2674 καὶ
1285 2614 1385 2673 σῦκα

241 2716 324 2779 κεῖνα
347 2713 396 2778 καὶ
420 2708 584 2780 θαλάσσιον
608 2715 680 2800 βίον.
748 2715 929 2784 fullonicae
952 2716 1063 2805 prima
1078 2717 1203 2786 mentio
1219 2717 1260 2787 fit
1276 2718 1378 2786 Arch.

241 2825 304 2891 169
327 2824 431 2889 κέαται
455 2826 519 2889 δ’ἐκ
542 2823 624 2907 taisi,
650 2847 748 2913 quam
771 2845 884 2892 vocem
900 2826 1024 2893 Pollux
1040 2827 1111 2895 VH
1126 2828 1167 2894 41
1192 2826 1226 2894 X
1242 2829 1305 2896 135
1327 2828 1379 2897 ita

239 2933 387 3022 explicat
409 2933 441 2999 τὸ
464 2935 563 3007 πιέζοι
585 2933 637 3007 τὰς
660 2936 791 3021 ἐσθῆτας
814 2937 853 3000 ἐν,
867 2948 920 3001 τῶι
939 2936 1096 3022 ponpeium..

254 3081 258 3086 -
328 3042 400 3108 Iam
436 3043 628 3110 animalium
666 3042 926 3133 plantarumque
958 3044 1092 3112 nomina
1128 3045 1385 3132 perlustremus.

241 3151 427 3219 bestiarum
449 3174 568 3219 nomen
591 3153 682 3238 θῆρες
705 3150 759 3221 74τ
786 3149 888 3217 etiem
910 3151 1057 3218 Homero
1080 3157 1198 3219 notum
1221 3158 1294 3232 est3
1326 3155 1386 3240 θη-

243 3261 313 3346 ρίων
343 3283 470 3344 nomen,
504 3261 559 3330 88ι
579 3261 645 3342 893,
678 3259 807 3346 legitur
840 3259 934 3324 κ171
953 3259 1016 3325 186
1031 3258 1063 3324 h.
1080 3260 1164 3327 Ven.
1177 3259 1208 3327 4.
1254 3259 1389 3347 singula

241 3370 399 3436 animalia
430 3367 615 3456 compluria
645 3368 816 3455 leguntur,
850 3391 868 3434 e
902 3367 1022 3453 quibus
1045 3368 1116 3453 πρόξ
1132 3367 1193 3432 188
1224 3391 1289 3434 uno
1312 3367 1385 3435 loco

240 3477 407 3545 homerico
440 3475 535 3563 9295
567 3481 676 3558 extat;
712 3476 794 3542 item
817 3465 882 3548 ’ὄνος
902 3475 999 3540 2197
1033 3499 1100 3541 non
1129 3474 1196 3542 uisi
1219 3476 1244 3538 Λ
1261 3476 1326 3541 558
1347 3474 1384 3540 in

242 3586 492 3674 comparatione
514 3584 695 3651 adhibetur
720 3588 763 3666 (v.
780 3581 887 3650 Hehn.
907 3584 1177 3664 Knltnrpfluneen
1191 3585 1259 3647 ιιαᾶ
1276 3584 1383 3650 Hans·

240 3695 330 3762 nere
345 3695 429 3778 108),
447 3717 588 3783 quorum
599 3715 756 3760 numerus
769 3691 960 3780 posteriore
977 3694 1092 3758 aetate
1108 3691 1245 3778 egregie
1261 3696 1381 3760 auctus

243 3810 311 3890 est;
336 3804 426 3893 apud
448 3802 687 3870 Archilochum
711 3802 752 3867 79
774 3801 856 3868 haec
879 3800 1006 3887 legitur
1030 3800 1335 3888 comparatiobrsi
1356 3805 1380 3864 τ’

242 3906 312 3980 ὅνοο
329 3915 353 3979 11
365 3915 521 4001 ριηνέος
545 3915 682 3998 κήλωνος
705 3963 711 3975 .
730 3963 737 3976 .
762 3910 990 3998 ὀτρογηράγοοι
1014 3909 1255 3978 Prienensibus
1271 3909 1379 3998 igitur

241 4024 310 4091 illis
334 4023 544 4111 temporibus
567 4021 655 4089 asini
677 4024 776 4088 erant
797 4018 1004 4102 admissarii3
1028 4021 1162 4104 κήλωνος
1185 4041 1305 4088 nomen
1323 4019 1385 4086 hoc

241 4134 314 4202 loco
336 4135 482 4222 primum
503 4132 642 4220 legitur.
710 4130 753 4197 ad
775 4152 877 4217 agrm
901 4127 1057 4196 colendos
1076 4130 1183 4196 bubus
1199 4130 1384 4196 utebantur

242 4248 327 4332 (βοῦς
351 4243 478 4330 ἐργάτης
494 4245 537 4310 39
558 4247 665 4328 ταῦρος
682 4242 759 4326 135)
787 4240 890 4307 etiam
913 4238 1053 4306 Homeri
1078 4238 1287 4326 temporibus
1317 4237 1384 4306 usi·

241 4353 337 4420 tatis.
404 4352 523 4440 vulpes
540 4356 662 4434 autem,
684 4350 741 4439 qui
756 4347 961 4416 Archilocho
984 4346 1179 4414 notissimus
1202 4355 1256 4414 est
1282 4347 1325 4413 86
1342 4347 1386 4412 88

241 4461 315 4545 118,
337 4461 374 4528 in
395 4461 542 4529 Homero
565 4485 632 4530 non
654 4464 760 4541 extat,
785 4458 844 4526 sed
866 4457 1011 4546 primum
1029 4455 1231 4543 inMargita
1246 4455 1316 4523 fuit
1337 4454 1383 4522 ad

243 4594 341 4664 quem
362 4571 528 4654 Zenobiae
544 4572 577 4640 V
593 4572 636 4636 68
658 4573 814 4660 spectare
836 4566 984 4636 videtur.
1051 4587 1125 4634 cum
1147 4565 1250 4654 vulpe
1263 4564 1308 4654 in
1326 4564 1387 4654 ia·
