3186 5106
798 397 819 464 9

240 571 401 642 Αἰθιοπίαν
428 572 478 640 καὶ
502 571 622 660 Κύπρον
650 574 744 648 οὕτως
779 573 921 654 ἐκάλουν,
952 571 1264 644 ΡΙὶῐι.υ.λι.Πί73ι
1303 571 1384 638 Tta-

237 705 288 750 scs
312 733 319 749 .
345 735 351 750 .
378 734 384 752 .
408 685 481 750 olim
508 685 611 749 Acria
632 685 680 750 ccl
703 684 840 750 Acttrro
862 685 964 750 dicta·
1003 704 1127 750 revera
1158 685 1272 750 autem
1297 682 1384 749 hanc

239 793 427 861 doctrinam
441 817 483 861 ex
497 793 632 861 oraculo
647 797 756 861 ortam
767 807 846 862 'asse
863 792 960 860 docet
978 791 1093 880 Steph.
1108 793 1146 858 B.
1162 815 1186 858 s.
1202 791 1316 865 Θάσοςι
1341 782 1386 857 ότι

240 901 288 966 καί
304 901 436 990 Ἀερίαὴ
458 903 557 976 Θάσος
581 907 671 988 δῆλον
691 906 725 968 ἐν
745 909 797 969 τοῦ
819 907 959 990 χρησμοῦ
982 908 1034 972 τοῦ
1059 903 1197 976 δοθέντος
1221 909 1275 968 τῶι
1297 902 1386 990 πατρί

239 1017 290 1075 τοῦ
308 1009 498 1099 Ἀρχιλόχου·
522 1012 658 1097 ἄγγειλον
687 1012 811 1100 Παρίοις
830 1051 865 1060 -
885 1011 970 1080 ἄστυ.
1005 1011 1092 1079 idem
1114 1010 1256 1100 respicit
1278 1011 1385 1080 Oeno·

233 1143 334 1190 ‚maus
357 1120 415 1186 l.l.
451 1119 622 1208 Ἀρχιλόχου
654 1121 838 1207 φράσαντος,
875 1112 920 1186 ότι
951 1124 971 1207 ἡ
1004 1128 1092 1206 νῆσος
1124 1121 1198 1206 αὕτη
1224 1119 1384 1207 (Thasos)

239 1229 304 1315 πρὶν
328 1225 366 1294 Ἠ
372 1231 436 1316 ερία
459 1233 603 1295 ἐκαλεῖτο.
627 1230 756 1299 accedit
771 1230 860 1320 quod
876 1230 1048 1300 oraculum
1061 1229 1237 1298 Telesiclis
1254 1229 1385 1298 nomine

241 1338 452 1409 coniunctum
482 1343 535 1414 ast
563 1363 630 1406 non
662 1339 769 1408 solum
802 1362 875 1406 cum
905 1338 975 1406 illis
1007 1337 1047 1406 de
1072 1337 1223 1406 Calonda
1245 1337 1385 1406 traditis

240 1471 324 1536 quae
359 1449 444 1516 satis
474 1452 612 1516 vetusta
645 1471 718 1516 esse
749 1453 852 1515 antea
888 1447 1046 1530 vidimuS‚
1083 1448 1143 1517 scd
1177 1447 1277 1515 etiam
1313 1469 1386 1516 cum

239 1558 400 1624 memoria
428 1557 490 1624 illa
513 1558 639 1626 Thasia
661 1581 682 1626 a
702 1558 896 1644 Polygnoto
930 1555 1083 1623 adhibita
1112 1556 1147 1622 in
1177 1579 1243 1644 qua
1264 1556 1386 1625 Archi-

234 1666 327 1734 lochi
361 1690 507 1755 proavus
542 1666 645 1741 Τέλλις
680 1672 753 1753 est;
791 1667 912 1756 proavi
944 1690 1064 1734 nomen
1098 1665 1209 1755 patris
1242 1667 1385 1734 nominis

239 1777 467 1866 compendium
495 1785 557 1846 est.
677 1779 712 1845 in
736 1778 871 1844 oraculo
895 1777 1002 1863 igitur
1024 1776 1098 1865 ipso
1125 1776 1242 1844 insunt
1265 1776 1384 1865 quihus

240 1888 428 1956 auctoritas
466 1888 536 1958 eius
577 1889 828 1977 comprobetur;
869 1888 911 1954 ab
946 1885 1143 1958 Archilochi
1183 1885 1385 1971 fragmentis

241 1997 435 2086 Critiaeque
458 1999 653 2074 testimonio
676 2018 742 2064 non
761 1997 924 2064 abhorret
940 1996 999 2064 sed
1015 2017 1114 2084 quam
1130 1999 1245 2083 potest
1261 1995 1387 2082 optimc

236 2127 314 2172 cum
343 2106 385 2173 iis
417 2107 601 2191 consentit;
636 2105 723 2195 quod
754 2129 818 2194 quo
849 2107 1048 2191 argumento
1077 2103 1289 2192 improbetur
1319 2126 1386 2169 non

240 2214 352 2282 video:
376 2237 485 2284 nonne
507 2215 542 2282 id
565 2214 674 2305 ipsum
697 2237 770 2282 esse
793 2216 910 2305 potest
932 2213 1021 2306 quod
1035 2211 1147 2282 Pariis
1167 2213 1209 2282 ab
1225 2211 1385 2304 Apolline

239 2323 355 2400 datum
379 2324 457 2393 est?

239 2455 242 2460 ’
326 2436 490 2503 Fortasse
513 2434 615 2502 etiam
639 2435 752 2504 altera
774 2434 901 2502 fabella
922 2438 1130 2503 narrabatur
1159 2456 1243 2523 quae
1265 2434 1385 2502 Archi·

240 2545 371 2620 lochum
387 2546 495 2632 ipsum
511 2545 660 2612 coloniae
677 2545 792 2620 ducem
808 2545 947 2627 faceret,
965 2567 1164 2633 quamquam
1180 2548 1273 2613 certo
1288 2545 1329 2613 de
1346 2568 1386 2612 ea

240 2653 383 2722 iudicari
394 2678 461 2721 non
475 2657 600 2742 potest.
624 2653 716 2720 alter
728 2653 1005 2722 narratiunculae
1017 2653 1118 2726 testis
1133 2658 1187 2720 cst
1199 2653 1385 2720 Oenomaus

242 2763 299 2850 qui
322 2763 457 2831 oraculo
479 2762 665 2831 Telesicleo
689 2767 830 2831 narrato
853 2763 936 2830 haec
958 2762 999 2830 de
1023 2785 1083 2829 suo
1105 2763 1218 2831 addit:
1243 2765 1268 2828 el
1293 2763 1333 2849 μὴ
1352 2761 1386 2827 σὺ

170 2875 177 2890 ’
241 2876 368 2956 μηνῦσαι
392 2871 485 2936 αὐτῶι
511 2870 682 2956 (Telesicli
709 2871 768 2958 sc.)
799 2873 986 2959 ἐβουλήθης,
1020 2873 1073 2936 οὐκ
1094 2871 1129 2940 ἄν
1156 2894 1227 2938 ποτε
1249 2874 1386 2957 ἤγγειλεν

239 2981 300 3046 οὐδ’
328 2982 361 3046 ἂν
385 2979 554 3068 Ἀρχίλοχος
586 2983 601 3044 ὁ
634 2979 695 3054 old<
727 2981 818 3046 αὐτοῦ
841 2980 971 3067 Παρίους
1002 2983 1176 3067 ἐξενάγησεν
1208 2982 1270 3048 οὐδ’
1297 2983 1331 3048 ἂν
1359 2985 1387 3047 οἱ

239 3089 345 3177 Πάριοι
362 3089 461 3156 Θάσον
478 3092 628 3176 ὤικηοανι
654 3112 738 3178 quae
762 3094 801 3157 ut
824 3093 866 3158 ab
888 3092 1023 3160 oraculo
1040 3091 1136 3160 modo
1153 3091 1259 3160 allato
1276 3092 1388 3162 aliena

237 3219 305 3272 non
322 3199 374 3268 ita
387 3221 528 3286 magnae
544 3199 704 3268 videntur
721 3199 950 3272 auctoritatis.
986 3201 1133 3270 alterum
1155 3200 1386 3270 testimoninm

238 3306 334 3380 utin
357 3307 551 3378 coniectura
574 3308 722 3396 positum
753 3308 856 3377 etiam
886 3309 1050 3381 incertius
1080 3309 1317 3378 inveniebatur
1351 3311 1386 3376 in

238 3415 353 3486 codem
367 3417 528 3487 Oenomai
550 3417 719 3509 opusculo.
764 3439 841 3486 nam
864 3439 917 3506 ap.
929 3419 1010 3486 Eus.
1023 3441 1074 3506 pr.
1089 3441 1139 3486 eu.
1153 3419 1186 3488 V
1198 3418 1239 3490 31
1257 3418 1385 3506 legitur

237 3521 387 3610 Ἀντιόχου
419 3524 493 3610 (sic)
517 3531 571 3590 τῶι
597 3524 716 3611 Παρίωι
748 3525 929 3612 ἀποβαλόντι
958 3525 1010 3611 τὴν
1044 3526 1146 3594 οὐσίαν
1178 3528 1208 3592 ἐν
1238 3530 1387 3614 πολιτικῆι

238 3632 381 3718 φλυαρίαν
402 3631 452 3708 ,καί
477 3631 533 3698 ὑπὸ
556 3632 650 3718 λύπης
674 3636 775 3718 ἥκοντι
797 3634 869 3719 πρός
893 3658 926 3697 οε
950 3634 1062 3717 λέγειν·

325 3737 446 3827 Ἀντίοχ’
471 3742 502 3816 ἐς
526 3740 624 3806 Θάσον
648 3739 720 3806 ἐλθὲ
743 3739 793 3804 ναί
817 3737 890 3808 οἴκει
913 3741 1020 3808 εὐκλέα
1042 3749 1134 3827 νῆαον

184 3899 187 3906 ·
235 3845 293 3920 ubi
308 3847 503 3917 Archilochi
522 3871 642 3916 nomen
656 3848 842 3918 Holstcnus
859 3849 1076 3918 restituebat.
1122 3871 1327 3937 aequavero
1344 3875 1383 3918 eo

237 3955 373 4030 oraculo
390 3957 554 4027 coloniam
570 3957 795 4029 deducendam
811 3957 921 4026 iuberi
936 3981 1071 4026 necesse
1085 3964 1140 4027 est
1156 3956 1321 4046 intellegi.
1345 3962 1384 4027 ut

234 4067 349 4132 tamen
372 4065 588 4133 concedamus
611 4066 757 4134 alteram
780 4069 899 4134 extare
922 4065 1131 4149 memoriam,
1156 4087 1228 4133 eam
1252 4066 1383 4134 omnino

234 4172 319 4242 nihil
352 4172 469 4240 valere
507 4196 549 4240 ex
582 4172 778 4241 Archilochi
819 4177 854 4242 et
889 4173 1019 4242 Critiae
1058 4173 1262 4242 testimoniis
1297 4174 1382 4241 satis

233 4285 396 4370 apparet,
432 4281 636 4370 praesertim
667 4305 740 4349 cum
773 4282 952 4350 secundum
976 4282 1163 4352 Semonidis
1198 4283 1384 4373 exemplum

234 4391 364 4480 (Steph.
381 4391 421 4458 B.
439 4415 463 4458 s.
481 4389 620 4480 Ἀροργός
635 4390 757 4460 Suidas
775 4417 801 4458 s.
819 4392 1000 4483 Σιμωνίδης)
1023 4392 1104 4460 ficta
1125 4415 1198 4460 esse
1215 4392 1382 4461 videatur.

320 4500 447 4573 Restat
467 4499 561 4573 aliud
578 4501 750 4573 oraculum
772 4501 808 4572 in
821 4501 884 4572 ΑΡ
900 4501 986 4570 XlV
1002 4501 1065 4572 113
1088 4504 1262 4572 servatum
1284 4527 1383 4592 χρησ-

232 4605 286 4696 ρὸς
309 4607 355 4674 ἐπ’
379 4606 556 4699 Ἀρχιλόχωι
578 4608 698 4699 λεχθείς
723 4609 839 4700 Πυθίης
862 4609 950 4702 ὑπ<ὸ>
975 4610 1091 4700 ὀμφῆς·
