3186 5106
830 352 873 424 20

283 529 326 603 ad
360 529 645 622 vituperationem
678 532 863 601 inclinabat
903 533 990 601 sicut
1025 529 1099 600 Cat.
1123 531 1200 600 min.
1224 534 1261 599 7:
1313 530 1423 620 (Cato)

283 645 390 732 τρέψας
420 641 525 708 ἑαυτὸν
557 645 597 715 εἰς
630 641 754 729 ἰάμβους
786 641 883 708 πολλά
915 641 963 706 τδν
995 642 1145 707 Σκιπίωνα
1175 642 1340 728 καθύβρισε
1370 649 1425 706 τῶι

281 765 387 838 πικριδι
408 751 674 839 προσχρησάμενος
690 756 742 814 τοῦ
758 751 955 838 Ἀρχιλόχου,
980 750 1012 815 τδ
1035 749 1067 814 δὲ
1090 752 1314 816 ἀκόλαστον
1338 749 1425 837 άιρείς

281 859 333 925 καὶ
359 861 631 946 παιδαριῶδες
661 858 697 924 cf
716 857 760 924 id.
784 879 836 947 ap.
860 858 972 925 Procl.
995 839 1031 924 in
1053 857 1190 924 Hesicd.
1216 857 1276 945 Op.
1298 858 1371 924 286.

282 969 370 1036 idem
404 968 628 1060 'opprobrium
668 966 797 1054 legitur
837 967 928 1055 apud
967 967 1110 1034 Dionem
1139 966 1273 1053 ¹Chrys.
1298 969 1425 1034 3117

282 1077 359 1144 Sex.
375 1077 471 1165 Emp.
488 1077 562 1144 adv.
576 1075 862 1164 math.p668B³)
896 1075 1105 1163 posteriores
1137 1075 1337 1163 scriptores;
1373 1077 1425 1143 ita

282 1186 403 1253 Iulian.
421 1210 442 1273 p
457 1187 546 1252 3000
576 1187 690 1253 vetat:
729 1186 888 1270 ἱερωμένος
921 1210 963 1257 τις
998 1187 1072 1269 μήτε
1098 1182 1282 1272 Ἀρχίλοχον
1321 1187 1427 1270 ἀναγι-

281 1296 440 1380 χνωσκέτω
465 1297 539 1380 μήτε
558 1293 750 1359 Ἱππώνακτα
774 1297 848 1379 μήτε
872 1293 960 1358 άλλον
984 1292 1048 1358 τινά
1070 1300 1129 1359 τῶν
1152 1305 1274 1359 τοιαῦτα
1288 1297 1424 1380 γραφόν-

282 1429 349 1469 των.
397 1405 499 1472 etiam
521 1403 737 1492 proverbium
760 1402 938 1489 Ἀρχίλοχον
962 1407 1063 1476 πατεῖς
1087 1404 1176 1491 apud
1200 1403 1424 1493 [Diogenian.]

283 1514 369 1580 1195
393 1513 485 1579 Suid.
510 1536 534 1580 s.
556 1513 733 1599 Ἀρχίλοχος
756 1513 915 1579 Eustath.
938 1513 1023 1578 1684
1045 1512 1213 1600 (Apostol.
1230 1514 1283 1579 IV
1299 1515 1331 1597 2)
1355 1537 1425 1580 ser-

282 1627 398 1690 vatum
428 1621 516 1711 quod
547 1621 596 1686 ἐπί
625 1630 683 1686 τῶν
714 1623 927 1709 λοιδορούντων
952 1623 1127 1700 dicebatur
1150 1661 1194 1670 -
1215 1627 1346 1696 τοιοῦτος
1369 1622 1426 1710 γάρ

274 1735 298 1795 δ
320 1727 501 1819 Ἀρχίλοχος
524 1771 565 1780 -
588 1732 650 1798 hoc
669 1731 741 1797 loco
758 1731 967 1797 afferendum
986 1735 1048 1797 est.
1095 1754 1112 1798 e
1130 1730 1250 1819 quibus
1273 1732 1425 1798 testimo·

280 1841 346 1907 niis
371 1841 454 1908 satis
471 1844 564 1908 certo
582 1844 735 1928 apparet,
760 1863 858 1928 quam
873 1840 943 1906 illis
960 1841 1168 1927 temporibus
1181 1841 1423 1927 ¹pervulgatum

282 1950 388 2018 fuerit
418 1951 479 2016 hoc
506 1949 673 2016 iudicium.
816 1971 1014 2036 quamquam
1047 1949 1154 2036 pauci·
1174 1952 1273 2016 erant
1304 1951 1361 2038 qui
1384 1950 1425 2018 de

282 2059 384 2126 animi
416 2059 485 2126 eius
520 2059 717 2126 sinceritate
739 2063 915 2126 monerent
939 2081 1005 2146 qua
1027 2059 1062 2123 in
1085 2081 1120 2125 sc
1143 2059 1215 2146 ipse
1238 2059 1423 2143 inveheret,

281 2168 376 2236 valui
420 2168 547 2235 Critias
586 2191 638 2256 ap.
656 2168 836 2234 Aeliamv.
853 2168 885 2234 h.
901 2168 935 2232 X
951 2168 991 2232 13
1031 2167 1156 2232 κάκιστα
1197 2168 1302 2232 ἑαυτὸν
1344 2169 1423 2234 εἶπεν

281 2279 330 2362 (cf
350 2278 453 2344 Arch.
478 2277 511 2343 fr
528 2277 625 2360 149),
666 2277 730 2342 Dio
762 2277 965 2359 chalabi),
983 2277 1026 2343 20
1063 2283 1179 2363 πρῶτον
1212 2275 1299 2342 αὑτὸν
1331 2279 1423 2366 ψέγει,

282 2387 374 2452 Plut.
391 2386 432 2453 dc
449 2386 568 2453 curios.
588 2387 638 2452 10.
751 2385 835 2452 satis
859 2385 967 2452 multa
989 2385 1184 2453 testimonia
1206 2387 1287 2452 mihi
1306 2387 1424 2454 videor

281 2494 457 2562 attulisse:
483 2503 576 2562 certo
599 2499 758 2583 apparet,
783 2517 878 2583 quam
903 2488 1102 2561 recentioris
1126 2495 1250 2562 aetatis
1275 2496 1422 2563 homines

284 2605 448 2671 desierint
471 2609 510 2671 ut
533 2604 617 2671 alios
640 2607 759 2693 poetas
783 2605 834 2670 ita
855 2603 1094 2670 Archilochum
1125 2608 1161 2670 et
1181 2628 1286 2692 genus
1310 2605 1424 2672 iambi·

282 2736 355 2780 cum
381 2713 592 2801 intellegere.
644 2713 724 2801 quid
755 2713 875 2778 mirum
906 2712 994 2801 quod
1026 2713 1129 2780 etiam
1160 2735 1180 2779 a
1211 2714 1422 2801 gravissimis

281 2845 319 2889 ao
339 2823 579 2890 sordidissimis
597 2822 787 2911 opprobriis
803 2845 869 2888 non
885 2822 1125 2890 abhorrebant.
1170 2830 1267 2890 caute
1291 2822 1423 2911 quidem

280 2933 443 3000 Aelianus
467 2955 519 3020 ap.
542 2932 634 2998 Suid.
660 2956 684 2999 s.
709 2933 888 3018 Ἀρχίλοχος
921 2954 994 2998 eum
1018 2931 1101 2998 dicit
1133 2932 1259 3018 ποιητίην
1291 2937 1422 3017 γενναῖον

280 3041 391 3123 τᾶλλα,
427 3041 517 3114 εἴτις
541 3042 631 3105 αὐτοῦ
662 3040 695 3105 τδ
720 3039 936 3127 αίσχροπρεπὲς
959 3039 1008 3104 καί
1031 3043 1063 3104 τὸ
1086 3043 1273 3128 κακόρρημον
1297 3044 1421 3129 dcitur:

279 3151 393 3239 paullo
424 3151 526 3217 aliter
559 3150 763 3217 Plutarchus
802 3150 874 3217 loco
914 3153 1015 3216 antea
1049 3150 1219 3238 exscripto
1244 3150 1319 3218 Cat.
1344 3152 1422 3218 min.

279 3262 298 3325 7
331 3259 474 3327 dixerat.
524 3283 631 3348 neque
661 3260 696 3325 id
727 3259 848 3325 mirum
887 3262 940 3326 est
974 3259 1061 3346 quod
1099 3259 1152 3325 illi
1188 3260 1289 3347 longe
1327 3285 1422 3349 supe-

279 3374 403 3436 rantur
432 3391 453 3436 a
484 3369 611 3456 cynicis
643 3369 864 3457 patribusque
897 3367 1106 3454 christianis;
1142 3369 1358 3437 vehementer
1388 3370 1423 3436 in

279 3501 352 3546 eum
390 3479 543 3546 invectus
589 3483 642 3545 est
681 3479 866 3545 Oenomaus
909 3500 960 3565 ap.
984 3478 1065 3544 Eus.
1087 3502 1138 3566 pr.
1164 3501 1214 3545 eu.
1232 3480 1265 3546 V
1287 3503 1309 3568 p
1331 3480 1422 3546 raab

279 3591 453 3674 λοιδορῆσαι
483 3587 533 3673 μὲν
558 3595 668 3675 πικρῶς
700 3587 751 3661 τάς
775 3589 828 3652 οὐκ
851 3587 1014 3660 ἐθελοίσας
1037 3590 1107 3672 ἡμῖν
1131 3591 1311 3672 γαμεῖσθαι,
1341 3589 1422 3676 ἅψοι-

280 3699 352 3762 σθαι
376 3697 408 3761 δὲ
431 3697 479 3763 καί
502 3706 561 3763 τῶν
577 3699 726 3779 κιναίδων,
750 3696 854 3781 ἐπειδὴ
876 3703 935 3761 τῶν
952 3695 1050 3760 άλλων
1066 3703 1203 3782 πονηρῶν
1227 3697 1300 3761 πολὺ
1325 3721 1421 3784 πονη-

280 3807 393 3893 ρότεροί
424 3809 495 3872 εἰσιν
526 3811 587 3871 κτλ.
618 3807 709 3873 cuius
742 3805 892 3873 convicia
914 3805 1079 3871 Eusebius
1103 3804 1147 3870 ib.
1170 3805 1266 3872 2273,
1297 3805 1339 3873 de
1363 3830 1422 3873 suo

278 3915 392 3996 auxit3
426 3917 461 3983 cf
481 3916 633 3983 Clemens
669 3919 731 3982 str.
750 3915 893 4002 Ipsis.
937 3936 1020 4000 quos
1044 3937 1156 3981 omnes
1185 3922 1324 4002 superat
1349 3915 1421 3980 Ori-

276 4025 372 4111 genis
399 4024 574 4092 iracundia
596 4048 623 4090 c.
648 4022 734 4091 Cels.
759 4024 814 4090 ΙΠ
837 4023 879 4089 25
901 4021 1079 4109 Ἀρχίλοχον
1112 4022 1204 4110 ἄνδρα
1229 4025 1259 4088 ἐν
1287 4023 1422 4110 κακίστηι

276 4133 325 4197 καί
349 4133 564 4220 ἀσελγεστάτηι
588 4135 729 4198 ὑποθέσει
744 4133 963 4217 ἐπιδειξάμενον
984 4131 1036 4217 τὴν
1061 4133 1167 4197 ἑαυτοῦ
1191 4131 1345 4219 ποιητικὴν
1371 4132 1422 4200 καί

277 4241 347 4315 ἔθος
372 4242 494 4328 άσελχὲς
517 4242 568 4308 καί
591 4243 762 4329 ἀκάθαρτον
785 4243 1023 4328 παραστησαντα.
1144 4241 1227 4308 haec
1249 4242 1420 4310 hactenus.

278 4355 484 4364 ————...

348 4394 375 4462 9)
395 4390 423 4444 of
440 4392 512 4446 Max.
533 4393 595 4469 Tyr.
617 4393 682 4447 diss.
703 4395 736 4446 24
757 4409 773 4460 p
794 4394 853 4446 477.
883 4420 916 4429 -
948 4407 964 4444 e
984 4390 1086 4444 talibus
1106 4390 1264 4458 opprobriis
1286 4391 1421 4446 Aristides

276 4501 315 4538 or.
336 4487 370 4538 46
391 4484 416 4536 ll
437 4485 519 4539 3801)
552 4475 745 4540 Archilochum
772 4483 917 4538 defendere
943 4484 1033 4537 studet
1059 4481 1111 4537 οὐδ’
1138 4479 1282 4557 Ἀρχίλοχος
1307 4526 1312 4539 .
1334 4525 1340 4539 .
1364 4485 1422 4544 τοὺς

276 4577 389 4666 ἀρίστους
408 4586 461 4631 τῶν
476 4577 603 4654 Ἑλλήνων
616 4580 659 4632 καλ
672 4581 728 4638 τοὺς
742 4577 914 4640 ἐνδοξοτάτους
927 4577 995 4649 ἔλεγε
1007 4585 1104 4642 κακῶς,
1123 4577 1187 4631 ἀλλὰ
1199 4574 1343 4651 Λυκάμβην
1362 4595 1424 4650 ειμι
