3186 5106
803 385 844 467 66

250 573 402 643 111247.
420 577 496 662 251)
519 575 656 644 Aurora
681 576 850 662 ῥοδόπηχυς
876 573 1069 662 appelletur
1093 574 1152 662 qni
1173 571 1240 640 loci
1261 573 1297 642 in
1329 563 1391 643 hec

249 703 286 749 re
310 682 521 751 decernenda
545 683 630 750 nihil
655 683 780 751 velent.
822 682 1019 750 Archilochi
1041 680 1147 771 ipsius
1172 671 1245 750 fere
1269 684 1394 770 tempo·

248 789 341 857 ribus
370 813 481 858 rosam
517 790 552 857 in
574 791 695 858 Attice
716 790 869 878 ignotam
892 791 997 859 fuisse
1020 789 1172 859 Hehnius
1196 813 1237 858 ex
1260 789 1291 859 h.
1319 789 1393 858 Cer.

248 896 403 985 collegit,
435 899 470 965 in
502 922 566 987 quo
598 904 738 988 praeter
770 899 1003 968 Oceanitidum
1033 895 1391 966 110111111Ῥυδεία419

243 1001 381 1093 Ῥοδόπη
398 1007 462 1073 422
486 1006 705 1074 inveniuntur
730 1008 840 1093 ῥόδαὸ
864 1009 899 1074 et
923 1006 1025 1092 ῥοδέαι
1040 1004 1167 1079 κάλυκες
1184 1006 1259 1090 427,
1284 999 1321 1072 nt
1342 1004 1390 1071 in·

247 1123 303 1185 ter
325 1113 410 1184 elios
434 1116 535 1185 fiores
559 1116 594 1182 in
616 1120 717 1205 preto
748 1116 920 1184 fiorentes.
966 1115 1001 1182 in
1025 1115 1129 1205 Cypr.
1153 1115 1188 1182 fr
1203 1116 1239 1185 31
1253 1113 1311 1184 Ki.
1344 1113 1389 1181 le·

249 1227 344 1315 gitur
375 1227 463 1314 ῥόδου
486 1225 511 1290 τ’
521 1223 561 1289 ἐνὶ
585 1222 671 1288 ἄνθεϊ
693 1226 798 1308 καλῶι,
824 1223 867 1290 nd
890 1245 975 1311 quae
997 1225 1102 1291 verba
1126 1216 1323 1292 Archilochi
1339 1219 1395 1293 291

250 1337 339 1423 ῥοδῆς
361 1360 393 1400 τε
415 1333 506 1399 καλὸν
531 1333 621 1406 ἄνθος
645 1354 750 1421 prope
773 1331 936 1400 accedunt
960 1354 1024 1419 qno
1048 1331 1122 1400 loeo
1154 1331 1263 1419 primo
1297 1351 1396 1398 rosae

250 1443 367 1510 frutex
388 1444 677 1509 commemoratur.
723 1440 804 1507 ficus
829 1440 918 1528 apud
941 1440 1125 1508 Homerum
1147 1461 1214 1506 non
1243 1439 1393 1507 occurrit

249 1549 315 1617 nisi
339 1549 538 1618 recentioris
562 1549 703 1637 originis
719 1549 801 1616 locis
817 1578 841 1614 ω
856 1549 920 1617 246
933 1547 1187 1636 (Wilemowitz.
1205 1551 1298 1616 Hom.
1323 1549 1394 1617 Uni.

249 1657 342 1748 p74)
366 1662 401 1725 et
424 1659 521 1726 λ69Ο
545 1689 585 1714 --
610 1657 718 1744 nmo,
743 1681 826 1746 quos
849 1657 941 1726 locos
964 1657 1253 1726 Wilamowitzius
1276 1657 1397 1724 ib.198

251 1767 330 1835 1696
357 1769 452 1834 recte
475 1765 679 1832 Archilocho
707 1764 916 1833 recentiores
946 1765 1071 1833 hebere
1111 1764 1265 1850 videtur;
1300 1768 1393 1856 ,σῦκον

253 1879 278 1940 δ’
287 1873 336 1940 ἐπὶ
359 1875 452 1939 σύκυι
475 1878 709 1944 maturescunt
725 1874 760 1940 in
773 1873 917 1941 Antinoi
937 1873 1036 1942 horto
1059 1873 1167 1958 η121.
1212 1894 1316 1962 quere
1331 1873 1397 1940 Ar·

252 1980 394 2050 chilochi
417 1989 492 2070 ουκῆ
517 1983 641 2070 πετραίη
659 1983 713 2052 191
739 1987 774 2050 et
797 1981 901 2050 Paria
924 1985 999 2047 σῦκα
1015 1982 1056 2048 51
1079 1981 1172 2052 inter
1200 1981 1311 2070 prima
1341 2005 1397 2050 vc·

255 2089 301 2158 cis
324 2081 521 2160 testimonie
544 2091 697 2159 habenda
720 2095 818 2170 sunt3
843 2090 931 2158 idem
953 2077 1073 2157 nomen
1096 2089 1318 2178 Συκοτραγίὸης
1337 2089 1402 2160 194

252 2200 449 2289 composuit.

340 2307 506 2374 Homerus
542 2306 595 2374 cui
633 2305 747 2374 uinum
780 2302 1059 2387 amentissimum,
1093 2305 1247 2390 σταφυλῆς
1280 2327 1399 2373 nomen

251 2419 369 2482 notum
393 2438 466 2482 esse
489 2417 632 2498 constet,
656 2417 770 2480 temen
793 2411 880 2480 acini
902 2412 1033 2480 nomine
1056 2435 1123 2478 non
1144 2412 1274 2498 utitur;
1305 2410 1398 2479 cuins

251 2523 519 2592 vetustissimum
550 2521 781 2591 testimonium
815 2524 868 2588 est
891 2519 1088 2588 Archilochi
1110 2520 1171 2586 191
1206 2520 1263 2608 qni
1285 2541 1398 2587 secun·

253 2632 331 2699 dum
354 2631 502 2699 Ionicum
525 2629 706 2698 dialectum
729 2651 791 2716 pro
816 2629 904 2714 ῥαγός
927 2628 1071 2697 formem
1096 2629 1190 2714 ῥωγός
1221 2627 1397 2695 scribebat.

251 2745 447 2829 κοκκυμήλων
468 2763 588 2810 nomen
609 2739 699 2828 apud
724 2737 864 2805 eundem
884 2738 1028 2826 primum
1041 2738 1104 2804 173
1119 2737 1258 2825 legitur.
1296 2736 1397 2805 etiam

252 2850 402 2936 μεσπίλου
415 2847 641 2915 Archilochus
661 2847 725 2912 180
747 2845 875 2933 primus
899 2846 1101 2914 mentionem
1124 2845 1216 2913 fecit.
1261 2849 1397 2932 myrtus

253 2979 349 3048 quem
372 2960 529 3026 arborem
551 2963 670 3023 auctor
692 2951 914 3041 11.Μ11’1.(81
941 2955 1161 3042 μυρσινοειδέας
1179 2945 1279 3038 ὄζους)
1302 2953 1399 3021 novit

252 3065 341 3155 apud
363 3063 604 3132 Archilochum
619 3064 674 3134 291
700 3061 830 3150 legitur
857 3060 971 3149 ἔχουσα
1004 3062 1114 3127 θαλλὸν
1148 3062 1287 3148 μυρσίνης
1316 3061 1398 3147 ἐτέρ·

253 3199 342 3241 nero:
377 3195 577 3262 quemquem
607 3170 816 3240 reticendum
838 3185 913 3236 'non
945 3164 1231 3238 1111161611λυὶ
1255 3169 1321 3237 loci
1342 3191 1399 3237 nc·

253 3307 329 3354 men
349 3284 419 3373 legi
444 3280 594 3368 bldpcwos
617 3280 812 3367 ἐσχατόωσα;
846 3283 982 3366 myrtus
1013 3279 1121 3366 igitur
1144 3277 1285 3346 Homeri
1315 3279 1398 3346 icm-

254 3395 394 3486 poribus
417 3396 518 3461 notus
543 3390 650 3457 fuisse
672 3388 810 3456 videtur
821 3387 869 3474 ²⁴).

339 3503 393 3569 Ex
415 3504 493 3569 tota
515 3500 578 3566 hec
599 3497 747 3564 materie
769 3496 854 3563 setis
878 3495 986 3562 multe
1010 3495 1139 3564 discere
1154 3495 1318 3564 videmur.
1357 3495 1400 3562 si·

252 3610 386 3700 quidem
416 3609 453 3675 in
487 3605 663 3675 interioris
699 3607 819 3692 poetae
852 3602 954 3669 enimi
976 3605 1109 3691 partem
1132 3603 1187 3670 hic
1208 3603 1280 3670 illic
1301 3627 1400 3692 pene-

252 3719 418 3788 travimus
442 3736 642 3805 quemquam
665 3734 686 3780 1
708 3711 843 3780 delectu
873 3712 1054 3778 verborum
1087 3712 1226 3799 egressi.
1271 3711 1400 3780 inveni·

252 3850 325 3895 mus
348 3825 458 3893 multa
480 3823 516 3890 in
540 3824 633 3912 epioe.
655 3819 750 3909 poesi
783 3817 955 3899 inaudite,
992 3817 1102 3886 multe
1132 3819 1210 3888 inde
1240 3824 1399 3910 recepte:

254 3937 290 4004 in
319 3936 372 4004 hie
406 3934 490 4023 ipsis
524 3931 690 4018 insignem
723 3927 920 3995 Archilochi
954 3927 1151 3996 libertatem
1185 3931 1400 4018 cognovimus

252 4049 355 4118 etiem
370 4047 413 4114 iis
438 4037 694 4132 praetermissis
717 4034 1013 4125 pulcritudinibus,
1037 4057 1122 4123 quse
1145 4037 1320 4106 sentiendo
1342 4062 1401 4128 po·

251 4156 321 4224 tius
337 4152 548 4241 reliquimus.
614 4167 736 4214 novom
758 4148 872 4212 autem
888 4142 1128 4230 quaestionem,
1146 4168 1232 4233 quae
1245 4146 1307 4213 hoc
1325 4146 1399 4214 loco

254 4264 382 4348 oritur,
415 4260 566 4328 indicere
596 4256 698 4338 licet,
733 4277 801 4322 non
833 4251 1002 4341 expedire.
1054 4254 1209 4323 consulto
1242 4255 1335 4324 inter
1363 4257 1401 4322 fi-

254 4395 358 4463 gures
391 4370 517 4438 1111111
547 4366 639 4434 locos
671 4362 784 4451 recepi
813 4361 933 4450 quibus
956 4360 1156 4448 hymnorum
1178 4362 1236 4431 vel
1257 4362 1402 4433 eliorum

261 4535 468 4548 —————

329 4623 377 4694 24)
397 4621 425 4678 cl
433 4621 570 4692 Englerus
583 4631 628 4688 sp.
637 4615 775 4674 Helinium
787 4614 806 4670 l.
815 4613 921 4671 11929.
