3186 5106
767 411 810 488 67

216 590 399 660 carminum
435 597 591 662 auctores
627 595 729 662 simili
759 618 825 683 qua
847 595 1070 664 Archilochus
1093 595 1239 666 novandi
1261 592 1362 665 liber-

214 703 290 769 tate
324 702 377 768 uti
411 702 589 787 videntur;
625 725 710 792 quae
741 708 869 790 quanta
899 708 934 771 et
961 705 1070 792 qualis
1094 705 1141 771 sit
1163 706 1362 793 perquirere

214 831 372 897 magnum
388 834 517 894 censeo,
536 813 623 880 unde
640 812 844 881 varietatem
860 813 1026 901 quandam
1037 817 1215 902 poetarum
1230 813 1365 881 ostendi

214 941 314 1006 posse
338 920 510 988 confidam.

771 1075 810 1141 B.

299 1246 355 1312 Ad
378 1247 498 1335 poesin
520 1247 716 1315 Archilochi
738 1247 857 1315 melius
880 1245 1130 1336 percipiendam
1153 1244 1194 1313 de
1225 1245 1361 1334 gravio·

213 1377 288 1420 rum
312 1355 521 1443 quorundam
543 1357 724 1423 verborum
746 1377 810 1420 usu
832 1353 927 1421 nobis
951 1352 1117 1439 agendum
1140 1356 1194 1420 est
1224 1356 1260 1420 et
1292 1351 1359 1440 epi·

212 1486 326 1530 corum
348 1467 384 1531 et
408 1463 643 1531 recentiorum.
689 1485 728 1530 ac
750 1462 895 1550 primum
925 1462 1058 1550 quidem
1087 1462 1189 1550 epicis
1222 1483 1359 1549 operam

211 1571 340 1658 demum
374 1595 515 1661 quornm
543 1595 616 1639 cum
646 1572 794 1660 plurima
819 1573 855 1638 in
877 1571 1098 1639 antecedente
1121 1574 1221 1659 parte
1243 1569 1356 1658 perlu-

173 1679 178 1689 '
209 1681 442 1763 straverimus‚
468 1682 617 1750 hocloco
642 1683 682 1749 de
705 1682 746 1749 iis
771 1681 880 1749 solum
902 1681 1078 1748 dicendum
1101 1685 1164 1763 est,
1189 1701 1273 1768 quac
1296 1703 1354 1748 no·

210 1785 303 1853 tione
326 1790 386 1853 aut
409 1793 586 1855 structura
608 1795 668 1856 aut
697 1789 808 1855 forma
839 1786 1045 1855 abHcme'ri
1077 1810 1152 1853 usu·
1172 1786 1352 1853 differunt:

209 1890 297 1957 trita
319 1897 433 1960 autem
455 1894 619 1961 vocabula
641 1916 804 1982 quaenam
827 1893 921 1982 epica
943 1893 1021 1976 sint,
1047 1915 1089 1960 ex
1112 1891 1221 1958 indice
1253 1889 1354 1958 facile

208 1999 348 2068 videbis.
394 2001 444 2068 his
468 2003 605 2071 vocibus
629 2025 688 2070 eae
710 2003 885 2070 addendae
906 2007 1017 2084 eruut,
1042 2023 1128 2090 quse
1149 2003 1193 2067 ab
1207 1999 1355 2068 Homero

211 2107 342 2176 Hieuue
363 2109 453 2197 apud
474 2108 659 2179 Hesiodum
681 2113 741 2176 ant
763 2109 799 2176 in
833 2109 967 2196 hymnis
998 2109 1181 2176 maioribus
1212 2107 1358 2196 primum

213 2217 442 2288 inveniuntur.
1096 2220 1104 2292 s

299 2328 415 2416 Atque
438 2327 575 2394 notione
598 2327 688 2415 apud
709 2326 950 2395 Archilochum
984 2326 1046 2394 hae
1080 2347 1177 2394 voces
1212 2328 1357 2391 utuntur

212 2435 254 2502 ab
277 2435 370 2522 epico
393 2458 457 2502 usu
480 2435 637 2503 diversa:

300 2542 456 2627 ἀγαίομαι]
481 2543 570 2630 apud
585 2544 682 2610 Hom.
706 2566 771 2610 uno
795 2543 867 2611 loeo
891 2542 1020 2629 legitur
1044 2544 1118 2609 016
1148 2541 1281 2630 (κραδίη)
1304 2547 1356 2606 τοῦ

209 2649 293 2716 ἔνδον
310 2650 428 2715 ὑλάκτει
442 2652 621 2738 ἀγαιομένου
636 2650 713 2716 κακά
729 2651 817 2738 ἔργαε
834 2651 1004 2719 irascendi
1019 2652 1127 2739 igitur
1144 2651 1237 2718 notio
1250 2653 1355 2719 verbo

210 2758 300 2825 inest
315 2757 403 2825 sieut
419 2758 498 2826 Hes.
517 2758 629 2826 0333
651 2768 706 2824 τῶι
725 2761 826 2844 δ’ἥποι
844 2759 920 2832 Ζεὺς
936 2758 1023 2833 αὐτὸς
1045 2759 1189 2843 ἀγαίεται.
1236 2766 1356 2828 contra

211 2866 300 2955 apud
322 2866 425 2934 Aroh.
441 2869 497 2937 252
528 2867 589 2932 οὔτ’
619 2869 763 2954 ἀγαίομαι
795 2871 873 2932 θεῶν
904 2867 978 2954 ἔργα
1011 2866 1159 2935 invidiae
1187 2867 1358 2935 notionem

210 2976 353 3063 praebet
376 2975 464 3043 sicut
487 2978 577 3064 apud
600 2977 725 3046 Herod.
741 2978 829 3045 VHI
850 2978 891 3043 69
916 2979 980 3042 ὅσοι
1011 2977 1062 3063 μὲν
1086 2978 1162 3062 ἦσαν
1186 2976 1283 3042 εὔνοοι
1306 2985 1355 3064 cip

213 3081 390 3171 Ἀρτεμισίηι
415 3136 421 3149 .
447 3136 453 3150 .
480 3137 485 3150 ,
511 3137 516 3150 .
542 3089 570 3150 οἱ
594 3086 626 3151 δὲ
650 3088 824 3172 ἀγαιόμενοί
846 3112 878 3151 τε
901 3086 951 3152 καὶ
981 3087 1159 3173 φθονέοντες
1183 3089 1271 3172 αὐτῆι
1294 3091 1355 3152 κτλ.

211 3196 352 3261 verbum
365 3194 453 3262 haud
466 3178 723 3264 duhieIonicnin
735 3188 807 3264 esse
820 3196 998 3264 Kaibelius
1013 3220 1065 3264 me
1077 3202 1199 3279 monet,
1217 3218 1357 3284 quocum

211 3303 416 3388 Herodotus,
445 3328 487 3372 ue
511 3306 597 3372 male
621 3306 694 3395 quis
718 3307 947 3393 intellegeret,
972 3306 1185 3374 coniunxerit
1204 3306 1355 3393 vulgare.

304 3413 473 3501 ἀγέρωχος]
497 3415 538 3482 de
559 3416 651 3483 vocis
678 3416 766 3504 apud
783 3417 966 3484 Homerum
988 3415 1010 3480 Γ
1026 3417 1068 3482 36
1085 3420 1148 3483 cet.
1173 3414 1358 3483 Hesiodum

208 3522 373 3592 framea
386 3523 523 3591 notione
540 3524 574 3590 id
585 3549 687 3591 unum
703 3529 838 3593 constat
854 3549 972 3593 nomen
984 3525 1019 3592 id
1035 3548 1109 3592 esse
1125 3525 1353 3606 honorificum,

209 3638 329 3721 contra
352 3632 442 3720 apud
464 3632 566 3700 Arch.
585 3634 648 3702 154
671 3634 758 3701 idem
781 3635 855 3703 fere
878 3634 967 3722 quod
991 3637 1110 3707 ἀλαζών
1135 3634 1274 3720 ἄκοσμος.
1312 3635 1352 3702 de
1442 3686 1445 3690 ·

210 3740 301 3810 vocis
325 3742 414 3830 apud
436 3747 592 3829 posteros
617 3767 679 3810 usu
702 3744 769 3811 alio
792 3744 865 3812 loco
890 3744 1045 3811 dicemur.

120 3845 124 3850 ’
225 3900 227 3904 .
296 3852 401 3936 ἀσκός]
433 3854 523 3917 ἀσκόν
558 3852 636 3921 inde
666 3856 708 3921 ab
734 3854 880 3922 Homero
910 3877 1030 3922 nomen
1052 3852 1151 3942 pellis
1176 3852 1231 3920 vel
1254 3851 1355 3921 cullei

208 3983 281 4028 esse
305 3965 450 4028 constat.
497 3965 617 4030 contra
648 3963 738 4050 apud
766 3963 870 4030 Aroh.
887 3964 929 4030 72
960 3963 1122 4050 leguntur
1157 3962 1354 4030 obscuriora

207 4068 258 4134 καὶ
273 4072 372 4134 πεσεῖν
390 4071 518 4157 ἀρήστην
535 4073 581 4136 ἐπ’
600 4075 688 4138 ἀσκόν
704 4077 782 4138 urle:
800 4074 980 4142 secundum
997 4071 1282 4140 schol.Eur.Med.
1289 4073 1354 4138 679

175 4181 180 4192 '
207 4177 257 4244 τὸν
280 4177 346 4266 περὶ
369 4178 418 4244 τὸν
442 4181 574 4268 γαστέρα
596 4185 684 4248 τόπον
708 4184 801 4252 dicit.
847 4184 963 4251 eodem
995 4183 1067 4250 loco
1103 4181 1276 4250 oraculum
1306 4180 1354 4249 le·

207 4288 302 4375 gitur
334 4289 450 4377 Aegeo
484 4290 600 4358 datum
636 4294 729 4357 ἀσκοῦ
761 4291 810 4358 τὸν
844 4293 1012 4380 προῦχοντα
1044 4291 1178 4357 ποάάονα
1209 4341 1215 4354 .
1243 4339 1279 4353 ..
1313 4290 1354 4377 μὴ

206 4398 327 4485 λόσηις,
364 4399 407 4466 ad
438 4399 527 4488 quod
556 4401 639 4468 Eur.
656 4402 742 4471 Med.
753 4404 816 4470 679
847 4402 971 4470 alludit
994 4402 1088 4468 ἀσκοῦ
1114 4398 1165 4486 μὲν
1188 4397 1237 4464 τὸν
1260 4399 1354 4486 προῦ-

207 4532 301 4595 χοντα
333 4507 374 4594 μὴ
406 4512 494 4574 λῦσαι
516 4511 596 4576 πόάα
619 4516 680 4576 κτλ.
727 4512 820 4579 aliud
854 4512 952 4581 huius
984 4509 1133 4579 notionis
1171 4508 1360 4598 exemplum

206 4639 274 4690 non
296 4617 479 4689 invenitur.

1081 4729 1103 4797 ὅ
1111 4731 1129 4772 ss
