3186 5106
794 379 837 448 60

243 551 389 641 venitur,
415 553 507 624 cuius
532 579 596 622 uno
620 579 684 645 quo
708 553 837 644 legitur
853 555 1032 625 Homerico
1056 553 1128 625 loco
1153 556 1257 624 6215
1279 556 1390 624 forma

244 664 370 750 γελοίως
393 671 455 734 esi.
540 666 710 762 gloriandi
743 669 799 736 vel
822 651 971 736 iactandi
993 670 1134 735 verbum
1164 668 1334 753 ἀηοίλλομαι
1356 667 1388 737 u

246 773 302 844 66(
326 776 415 864 apud
437 776 619 844 Homerum
643 782 757 845 exstat
782 777 884 844 3462
902 777 926 843 Ρ
938 779 1002 844 473
1026 779 1113 845 sicut
1137 777 1230 844 aliud
1252 777 1390 863 κερτομέ-

245 908 286 948 ειν
315 883 474 951 Arenae
520 885 622 954 3256
647 890 746 954 ν326.
803 892 984 976 praeterea
1021 887 1111 975 apud
1139 871 1386 954 ¹Archilochum

242 992 372 1079 legitur
394 1019 516 1062 novum
539 997 742 1065 adieolivum
771 1003 879 1084 γαῦρος
902 999 975 1083 5823
1009 998 1108 1085 plane
1138 1019 1226 1065 nova
1249 996 1386 1063 notione

243 1101 355 1170 ulitur
390 1103 544 1191 ἀηέροιχος
568 1105 632 1170 154
664 1107 753 1194 quod
788 1108 810 1172 Γ
821 1109 863 1173 36
897 1111 958 1174 cel.
992 1090 1112 1172 nomen
1157 1109 1209 1173 esi
1243 1104 1386 1171 hominis

238 1208 338 1276 valde
371 1210 546 1295 honorati,
580 1215 670 1302 apud
703 1216 942 1282 Archilochum
978 1217 1110 1301 &ulrum
1144 1214 1193 1280 καί
1231 1216 1386 1287 ἀλαζόνος.

242 1319 419 1405 superbiae
442 1345 561 1389 nomen
584 1323 661 1390 inde
683 1326 724 1390 ab
741 1325 888 1392 Homero
911 1325 992 1412 ὕβρις
1016 1330 1069 1391 esi
1080 1323 1182 1391 Aroh.
1195 1325 1239 1390 86
1254 1324 1306 1405 35,
1330 1322 1387 1411 qui

239 1429 281 1494 35
304 1428 449 1517 imagine
472 1432 583 1499 utitur
606 1433 688 1520 ὕβριν
712 1431 824 1521 ἀίλρόην
857 1435 1050 1521 ἀπέμλοοανε
1084 1436 1224 1501 verbum
1251 1433 1387 1500 rarissi-

242 1555 330 1603 mum
352 1541 517 1644 ἀπομλόίω
542 1542 577 1608 in
600 1543 693 1632 epica
716 1545 810 1632 poesi
832 1568 898 1613 non
921 1545 1059 1631 legitur.
1142 1542 1384 1631 impudentiam

241 1645 344 1714 Arch.
360 1649 414 1718 765
439 1651 590 1738 appellah
625 1654 776 1740 ἀναιδείης
799 1654 931 1721 nomine
954 1653 1047 1742 epico
1073 1651 1184 1718 Area.
1273 1651 1383 1718 mulla

241 1761 320 1824 suni
336 1758 499 1826 malorum
520 1769 555 1829 el
578 1787 692 1830 rerum
707 1763 928 1831 adversarum
950 1763 1093 1844 nomina,
1117 1783 1202 1851 quae
1225 1759 1386 1849 pleraque

218 1864 333 1951 ,apud
348 1867 530 1935 Homerum
545 1870 716 1957 leguntur,
740 1871 911 1940 interdum
935 1874 976 1938 ab
989 1869 1192 1937 Archilocho
1216 1868 1293 1936 eliis
1318 1869 1385 1956 epi-

241 1973 347 2042 thecis
364 1977 563 2045 efferuntur.
602 1979 635 2044 τό
658 1983 749 2046 κακόν
771 1979 809 2045 τά
832 1980 909 2045 κακοί
926 1978 1166 2046 creberrimum
1182 2000 1301 2046 nomeu
1318 1980 1389 2059 esi3

243 2085 430 2170 ἀνηκέστοισι
452 2092 584 2152 κακοῖσιν
608 2089 691 2156 dicit
713 2090 814 2156 Areh.
830 2091 863 2159 95
888 2090 976 2156 sicut
997 2089 1076 2154 HeS.
1095 2087 1155 2153 Th.
1170 2087 1252 2152 612:
1282 2085 1393 2154 eiiam·

245 2194 334 2280 apud
357 2195 539 2262 Homerum
569 2201 742 2267 translata
773 2199 935 2267 adieclivi
966 2197 1059 2265 notio
1095 2199 1191 2264 extat
1225 2195 1384 2279 ἀνήκεστος

241 2305 332 2390 χόλος
365 2302 475 2371 0217.
552 2310 647 2392 κήδεα
664 2311 818 2375 στονόεντα
834 2311 867 2379 9(
908 2310 1018 2395 figura
1058 2306 1152 2394 epica
1185 2308 1255 2386 est,
1299 2303 1381 2386 ι12;

240 2413 344 2480 Arch.
358 2416 399 2480 66
424 2414 506 2483 dicii
529 2420 625 2502 κήδεα
641 2420 794 2507 ἀμήχανα,
816 2443 956 2508 quocum
975 2417 1130 2486 conferas
1147 2417 1290 2501 ἀμήχανα
1313 2412 1386 2499 ἔργα

241 2519 351 2588 6130.
398 2522 500 2589 etiam
522 2525 677 2595 miseriae
702 2515 821 2594 nomen
850 2528 930 2600 όιξός
954 2526 995 2592 52
1019 2525 1149 2612 epicum
1181 2526 1243 2590 esi.
1290 2542 1386 2608 prae-

244 2633 340 2696 terea
362 2630 559 2700 Archilochi
591 2641 670 2703 suni
704 2637 788 2704 duae
811 2627 941 2723 figurae
972 2657 1056 2723 quae
1091 2631 1180 2722 apud
1202 2631 1388 2696 Homerum

242 2761 309 2804 uon
341 2739 576 2811 inveniuntur:
610 2746 758 2814 homines
790 2747 885 2835 aquis
910 2746 1080 2812 demersos
1106 2745 1147 2809 10
1170 2740 1253 2807 dicii:
1278 2737 1386 2825 ἀνιηρά

244 2845 594 2928 Ποεειδοίωνοςάνακτος
619 2859 719 2942 δῶμα(
744 2879 800 2922 res
823 2855 986 2924 adversae
1010 2853 1099 2940 apud
1114 2852 1297 2916 Homerum
1319 2868 1387 2914 non

247 2958 330 3043 δῶρα
367 2965 548 3046 uocantum
581 2985 780 3052 quamquam
817 2961 977 3029 ironicam
1016 2958 1182 3049 quandam
1218 2957 1390 3025 notionem

243 3067 405 3134 sentimus
430 3067 460 3134 h.
476 3068 550 3135 Cer.
566 3069 627 3134 147
646 3101 685 3124 =
702 3070 775 3152 216,
792 3067 1101 3156 chheogn.1033;
1124 3063 1282 3132 simililer
1299 3064 1392 3152 apud

247 3177 431 3244 Hesiodum
454 3179 490 3245 Ο.
504 3180 546 3244 62
562 3180 604 3246 85
619 3201 658 3266 sq
691 3179 849 3245 Pandora
883 3201 921 3245 eo
956 3177 1086 3244 nomine
1122 3174 1250 3258 uiiiur;
1293 3172 1384 3240 vocis

246 3289 357 3372 ξεινήια
381 3279 528 3353 eundem
543 3311 640 3353 usum
665 3289 750 3354 2370
771 3294 885 3355 certae
910 3281 1075 3353 occasioni
1101 3284 1301 3371 adaptatum
1333 3280 1390 3348 de-

244 3419 309 3462 nuo
343 3396 492 3462 afferam.
582 3391 732 3463 dolorem
761 3396 844 3462 dicit
868 3396 901 3466 95
926 3391 1064 3480 αἱματόεν
1089 3393 1173 3478 ἕλκος
1196 3414 1281 3481 quae
1305 3393 1388 3479 figu-

248 3525 296 3584 ra,
330 3527 402 3568 cnm
425 3526 530 3594 neque
554 3528 595 3571 ex
607 3504 754 3571 Homero
778 3527 884 3592 neque
908 3527 949 3570 ex
972 3525 1033 3570 sua
1054 3502 1199 3569 dialecto
1223 3500 1386 3583 hauserit,

249 3611 385 3680 adeius
415 3611 585 3699 ingenium
615 3613 878 3700 cognoscendum
908 3613 1011 3680 valet.
1057 3610 1178 3678 infelix
1207 3612 1248 3677 ab
1271 3609 1392 3677 Archi-

247 3720 342 3788 locho
359 3721 402 3786 84
427 3720 568 3806 δόετηνος
591 3726 734 3789 vocatur
758 3726 796 3789 ut
820 3724 861 3788 ab
879 3721 1035 3801 Homero,
1061 3719 1207 3786 Thasum
1222 3717 1285 3783 129
1309 3716 1392 3784 dicii

246 3829 362 3893 urbem
384 3826 444 3914 τρίς
468 3829 588 3914 οἰίομήν
612 3828 779 3896 adiechivo
811 3826 977 3894 homerico
1008 3850 1049 3893 ex
1079 3822 1236 3910 analogia
1267 3824 1393 3910 figura-

225 3933 229 3938 ’
250 3955 325 3998 rum
347 3932 407 4019 τμίς
432 3933 529 4019 μάκαρ
575 3933 635 4020 τρίς
659 3934 758 4022 όλβιος
782 3937 890 4002 aucto.
937 3931 1005 3998 alia
1027 3930 1161 3997 nomina·
1183 3953 1272 3998 nova
1297 3934 1391 3998 sunt:

249 4040 373 4128 ἄνολβος
397 4043 439 4107 66
462 4045 497 4109 ei
520 4045 690 4129 λιπερνήτες
714 4044 757 4110 50
780 4064 920 4130 quorum
942 4040 1004 4107 hoc
1027 4037 1190 4126 imprimis
1216 4038 1259 4105 ad
1281 4039 1391 4106 foriu-

247 4171 308 4216 nas
331 4154 475 4235 spectat.
522 4173 589 4216 non
613 4150 683 4218 sine
706 4149 851 4216 audacia
868 4148 1014 4216 animum
1045 4147 1097 4214 ita
1119 4146 1324 4212 adhortatur
1348 4144 1390 4209 66

251 4257 327 4342 θυμὲ
345 4252 413 4342 θύμ’
439 4259 620 4345 ἀμηχάνοισι
644 4262 764 4344 κήδεσιν
786 4258 956 4342 κυκωμένεε
981 4259 1121 4323 verbum
1143 4253 1304 4336 miscendi
1325 4252 1394 4322 vim

246 4365 349 4432 habel
373 4365 422 4450 (cf
433 4366 457 4428 Λ
471 4368 535 4434 636
551 4367 659 4449 κ235),
681 4367 724 4433 ad
746 4366 890 4432 animum
912 4365 1132 4447 translatam,
1167 4362 1202 4428 id
1226 4361 1314 4450 quod
1336 4383 1392 4449 ap-

247 4480 347 4566 parel
370 4474 542 4542 sententia
565 4473 735 4541 simillima
766 4472 965 4540 aKaibelio
996 4471 1077 4537 mihi
1099 4469 1249 4537 indicata
1272 4471 1391 4536 Demo·

247 4585 326 4657 criti
361 4583 490 4664 fr94N
522 4585 712 4674 ἀνθρωπίνην
744 4583 845 4672 βιοτήν
871 4597 909 4668 .j.
934 4586 1072 4670 κολλήισι
1098 4579 1187 4668 κηρεί
1216 4582 1391 4666 Ευμπεφορ-
