<?xml version="1.0" encoding="UTF-8"?>
<!DOCTYPE html PUBLIC "-//W3C//DTD XHTML 1.0 Transitional//EN"
    "http://www.w3.org/TR/xhtml1/DTD/xhtml1-transitional.dtd">
<html xmlns="http://www.w3.org/1999/xhtml" xml:lang="en" lang="en">
 <head>
  <title>
</title>
<meta http-equiv="Content-Type" content="text/html;charset=utf-8" />
  <meta name='ocr-system' content='tesseract 3.04.00' />
  <meta name='ocr-capabilities' content='ocr_page ocr_carea ocr_par ocr_line ocrx_word'/>
</head>
<body>
  <div class='ocr_page' id='page_1' title='image "./quaestionesarch00bahngoog_0025.png"; bbox 0 0 3186 5106; ppageno 0'>
   <div class='ocr_carea' id='block_1_1' title="bbox 776 367 817 437">
    <p class='ocr_par' dir='ltr' id='par_1_1' title="bbox 776 367 817 437">
     <span class='ocr_line' id='line_1_1' title="bbox 776 367 817 437; baseline 0 0"><span class='ocrx_word' id='word_1_1' title='bbox 776 367 817 437; x_wconf 90' lang='grc'><strong>16</strong></span> 
     </span>
    </p>
   </div>
   <div class='ocr_carea' id='block_1_2' title="bbox 220 541 1369 2264">
    <p class='ocr_par' dir='ltr' id='par_1_2' title="bbox 220 541 1369 2264">
     <span class='ocr_line' id='line_1_2' title="bbox 223 541 1368 636; baseline 0.005 -25"><span class='ocrx_word' id='word_1_2' title='bbox 223 541 408 632; x_wconf 87' lang='lat' dir='ltr'><strong>Diltheyus</strong></span> <span class='ocrx_word' id='word_1_3' title='bbox 441 542 498 632; x_wconf 86' lang='lat' dir='ltr'><strong>qui</strong></span> <span class='ocrx_word' id='word_1_4' title='bbox 528 544 564 613; x_wconf 91' lang='lat' dir='ltr'><strong>in</strong></span> <span class='ocrx_word' id='word_1_5' title='bbox 594 544 710 614; x_wconf 91' lang='lat' dir='ltr'><strong>libello</strong></span> <span class='ocrx_word' id='word_1_6' title='bbox 744 546 785 613; x_wconf 89' lang='lat' dir='ltr'><strong>de</strong></span> <span class='ocrx_word' id='word_1_7' title='bbox 809 545 895 618; x_wconf 81' lang='lat' dir='ltr'><strong>Call.</strong></span> <span class='ocrx_word' id='word_1_8' title='bbox 918 545 1002 632; x_wconf 78' lang='lat' dir='ltr'><strong>Oyd.</strong></span> <span class='ocrx_word' id='word_1_9' title='bbox 1026 548 1102 636; x_wconf 74' lang='lat' dir='ltr'><strong>pls</strong></span> <span class='ocrx_word' id='word_1_10' title='bbox 1118 568 1180 636; x_wconf 85' lang='lat' dir='ltr'><strong>sqq</strong></span> <span class='ocrx_word' id='word_1_11' title='bbox 1207 545 1248 616; x_wconf 87' lang='lat' dir='ltr'><strong>de</strong></span> <span class='ocrx_word' id='word_1_12' title='bbox 1270 546 1368 617; x_wconf 89' lang='lat' dir='ltr'><strong>huius</strong></span> 
     </span>
     <span class='ocr_line' id='line_1_3' title="bbox 222 653 1369 744; baseline 0.004 -25"><span class='ocrx_word' id='word_1_13' title='bbox 222 653 338 720; x_wconf 90' lang='lat' dir='ltr'><strong>iudicii</strong></span> <span class='ocrx_word' id='word_1_14' title='bbox 360 653 449 742; x_wconf 85' lang='lat' dir='ltr'><strong>apud</strong></span> <span class='ocrx_word' id='word_1_15' title='bbox 471 655 680 744; x_wconf 76' lang='lat' dir='ltr'><strong>posteriores</strong></span> <span class='ocrx_word' id='word_1_16' title='bbox 704 656 912 724; x_wconf 87' lang='lat' dir='ltr'><strong>auctoritate</strong></span> <span class='ocrx_word' id='word_1_17' title='bbox 941 656 1105 724; x_wconf 73' lang='lat' dir='ltr'><strong>disseruit</strong></span> <span class='ocrx_word' id='word_1_18' title='bbox 1132 656 1270 726; x_wconf 77' lang='lat' dir='ltr'><strong>eandmn</strong></span> <span class='ocrx_word' id='word_1_19' title='bbox 1293 677 1369 724; x_wconf 90' lang='lat' dir='ltr'><strong>con-</strong></span> 
     </span>
     <span class='ocr_line' id='line_1_4' title="bbox 223 762 1043 853; baseline 0.004 -24"><span class='ocrx_word' id='word_1_20' title='bbox 223 762 442 852; x_wconf 87' lang='lat' dir='ltr'><strong>temptionem</strong></span> <span class='ocrx_word' id='word_1_21' title='bbox 464 764 574 832; x_wconf 88' lang='lat' dir='ltr'><strong>inesse</strong></span> <span class='ocrx_word' id='word_1_22' title='bbox 596 767 698 853; x_wconf 87' lang='lat' dir='ltr'><strong>putat</strong></span> <span class='ocrx_word' id='word_1_23' title='bbox 720 764 772 832; x_wconf 90' lang='lat' dir='ltr'><strong>his</strong></span> <span class='ocrx_word' id='word_1_24' title='bbox 796 764 910 833; x_wconf 90' lang='lat' dir='ltr'><strong>verbis</strong></span> <span class='ocrx_word' id='word_1_25' title='bbox 933 765 968 832; x_wconf 84' lang='lat' dir='ltr'><strong>fr</strong></span> <span class='ocrx_word' id='word_1_26' title='bbox 979 766 1043 832; x_wconf 82' lang='lat'><strong>223</strong></span> 
     </span>
     <span class='ocr_line' id='line_1_5' title="bbox 462 873 1106 964; baseline 0.003 -26"><span class='ocrx_word' id='word_1_27' title='bbox 462 875 513 938; x_wconf 75' lang='grc' dir='ltr'><strong>τοῦ</strong></span> <span class='ocrx_word' id='word_1_28' title='bbox 537 875 728 960; x_wconf 77' lang='grc' dir='ltr'>μεθυπλῆγος</span> <span class='ocrx_word' id='word_1_29' title='bbox 747 875 753 960; x_wconf 79' lang='grc' dir='ltr'>Ι</span> <span class='ocrx_word' id='word_1_30' title='bbox 774 875 910 962; x_wconf 76' lang='grc' dir='ltr'>φροίμιον</span> <span class='ocrx_word' id='word_1_31' title='bbox 933 873 1106 964; x_wconf 79' lang='grc' dir='ltr'>Ἀρχιλόχου</span> 
     </span>
     <span class='ocr_line' id='line_1_6' title="bbox 221 980 1367 1071; baseline -0.002 -24"><span class='ocrx_word' id='word_1_32' title='bbox 221 981 262 1048; x_wconf 88' lang='lat' dir='ltr'><strong>id</strong></span> <span class='ocrx_word' id='word_1_33' title='bbox 290 981 379 1070; x_wconf 83' lang='lat' dir='ltr'><strong>quod</strong></span> <span class='ocrx_word' id='word_1_34' title='bbox 409 980 490 1047; x_wconf 91' lang='lat' dir='ltr'><strong>mihi</strong></span> <span class='ocrx_word' id='word_1_35' title='bbox 522 980 658 1048; x_wconf 89' lang='lat' dir='ltr'><strong>dubium</strong></span> <span class='ocrx_word' id='word_1_36' title='bbox 690 1004 764 1049; x_wconf 89' lang='lat' dir='ltr'><strong>esse</strong></span> <span class='ocrx_word' id='word_1_37' title='bbox 793 982 946 1069; x_wconf 86' lang='lat' dir='ltr'><strong>videtur;</strong></span> <span class='ocrx_word' id='word_1_38' title='bbox 982 981 1146 1071; x_wconf 84' lang='lat' dir='ltr'><strong>siquidem</strong></span> <span class='ocrx_word' id='word_1_39' title='bbox 1176 984 1367 1067; x_wconf 78' lang='grc' dir='ltr'>μιθοπλῆγος</span> 
     </span>
     <span class='ocr_line' id='line_1_7' title="bbox 222 1089 1367 1179; baseline -0.002 -21"><span class='ocrx_word' id='word_1_40' title='bbox 222 1090 402 1178; x_wconf 88' lang='lat' dir='ltr'><strong>epitheton·</strong></span> <span class='ocrx_word' id='word_1_41' title='bbox 420 1111 461 1157; x_wconf 84' lang='lat' dir='ltr'><strong>ex</strong></span> <span class='ocrx_word' id='word_1_42' title='bbox 484 1111 522 1156; x_wconf 89' lang='lat' dir='ltr'><strong>eo</strong></span> <span class='ocrx_word' id='word_1_43' title='bbox 539 1089 685 1156; x_wconf 82' lang='lat' dir='ltr'><strong>carmine</strong></span> <span class='ocrx_word' id='word_1_44' title='bbox 700 1090 788 1177; x_wconf 89' lang='lat' dir='ltr'><strong>quod</strong></span> <span class='ocrx_word' id='word_1_45' title='bbox 805 1089 1029 1158; x_wconf 75' lang='lat' dir='ltr'><strong>Callimachus</strong></span> <span class='ocrx_word' id='word_1_46' title='bbox 1053 1094 1207 1179; x_wconf 83' lang='lat' dir='ltr'><strong>spectare</strong></span> <span class='ocrx_word' id='word_1_47' title='bbox 1230 1090 1367 1158; x_wconf 88' lang='lat' dir='ltr'><strong>videtur</strong></span> 
     </span>
     <span class='ocr_line' id='line_1_8' title="bbox 222 1197 1366 1288; baseline -0.003 -21"><span class='ocrx_word' id='word_1_48' title='bbox 222 1199 386 1288; x_wconf 87' lang='lat' dir='ltr'><strong>explicari</strong></span> <span class='ocrx_word' id='word_1_49' title='bbox 407 1198 519 1268; x_wconf 89' lang='lat' dir='ltr'><strong>licet:&#39;</strong></span> <span class='ocrx_word' id='word_1_50' title='bbox 541 1198 678 1285; x_wconf 79' lang='grc' dir='ltr'>φροίμιον</span> <span class='ocrx_word' id='word_1_51' title='bbox 701 1199 788 1265; x_wconf 89' lang='lat' dir='ltr'><strong>enim</strong></span> <span class='ocrx_word' id='word_1_52' title='bbox 812 1199 883 1266; x_wconf 88' lang='lat' dir='ltr'><strong>sine</strong></span> <span class='ocrx_word' id='word_1_53' title='bbox 915 1197 1015 1267; x_wconf 89' lang='lat' dir='ltr'><strong>dubio</strong></span> <span class='ocrx_word' id='word_1_54' title='bbox 1045 1206 1099 1267; x_wconf 90' lang='lat' dir='ltr'><strong>est</strong></span> <span class='ocrx_word' id='word_1_55' title='bbox 1128 1199 1366 1285; x_wconf 86' lang='lat' dir='ltr'><strong>dithyrambus</strong></span> 
     </span>
     <span class='ocr_line' id='line_1_9' title="bbox 221 1306 1366 1396; baseline -0.001 -21"><span class='ocrx_word' id='word_1_56' title='bbox 221 1331 319 1396; x_wconf 89' lang='lat' dir='ltr'><strong>quem</strong></span> <span class='ocrx_word' id='word_1_57' title='bbox 350 1307 573 1375; x_wconf 79' lang='lat' dir='ltr'><strong>Archilochus</strong></span> <span class='ocrx_word' id='word_1_58' title='bbox 607 1306 642 1372; x_wconf 90' lang='lat' dir='ltr'><strong>in</strong></span> <span class='ocrx_word' id='word_1_59' title='bbox 675 1307 799 1376; x_wconf 84' lang='lat' dir='ltr'><strong>Bacchi</strong></span> <span class='ocrx_word' id='word_1_60' title='bbox 831 1308 992 1376; x_wconf 86' lang='lat' dir='ltr'><strong>honorem</strong></span> <span class='ocrx_word' id='word_1_61' title='bbox 1025 1311 1164 1376; x_wconf 87' lang='lat' dir='ltr'><strong>cantare</strong></span> <span class='ocrx_word' id='word_1_62' title='bbox 1198 1330 1234 1374; x_wconf 87' lang='lat' dir='ltr'><strong>se</strong></span> <span class='ocrx_word' id='word_1_63' title='bbox 1267 1329 1366 1394; x_wconf 86' lang='lat' dir='ltr'><strong>posse</strong></span> 
     </span>
     <span class='ocr_line' id='line_1_10' title="bbox 220 1413 1365 1504; baseline -0.003 -20"><span class='ocrx_word' id='word_1_64' title='bbox 220 1416 320 1500; x_wconf 84' lang='lat' dir='ltr'><strong>dicit,</strong></span> <span class='ocrx_word' id='word_1_65' title='bbox 350 1436 423 1483; x_wconf 88' lang='lat' dir='ltr'><strong>cum</strong></span> <span class='ocrx_word' id='word_1_66' title='bbox 446 1415 559 1484; x_wconf 81' lang='lat' dir='ltr'><strong>ebrius</strong></span> <span class='ocrx_word' id='word_1_67' title='bbox 583 1415 691 1483; x_wconf 87' lang='lat' dir='ltr'><strong>fucrit</strong></span> <span class='ocrx_word' id='word_1_68' title='bbox 712 1416 759 1503; x_wconf 82' lang='lat' dir='ltr'><strong>(fr</strong></span> <span class='ocrx_word' id='word_1_69' title='bbox 783 1418 824 1483; x_wconf 82' lang='lat'><strong>77</strong></span> <span class='ocrx_word' id='word_1_70' title='bbox 849 1417 933 1483; x_wconf 82' lang='grc' dir='ltr'>οἴναι</span> <span class='ocrx_word' id='word_1_71' title='bbox 957 1416 1214 1504; x_wconf 73' lang='grc' dir='ltr'>συγκεραυνωθεὶς</span> <span class='ocrx_word' id='word_1_72' title='bbox 1233 1413 1365 1502; x_wconf 70' lang='grc' dir='ltr'>φρένας).</span> 
     </span>
     <span class='ocr_line' id='line_1_11' title="bbox 220 1522 1366 1594; baseline -0.003 -1"><span class='ocrx_word' id='word_1_73' title='bbox 220 1525 356 1594; x_wconf 90' lang='lat' dir='ltr'><strong>summis</strong></span> <span class='ocrx_word' id='word_1_74' title='bbox 387 1530 506 1592; x_wconf 83' lang='lat' dir='ltr'><strong>contra</strong></span> <span class='ocrx_word' id='word_1_75' title='bbox 536 1524 691 1592; x_wconf 83' lang='lat' dir='ltr'><strong>laudibus</strong></span> <span class='ocrx_word' id='word_1_76' title='bbox 716 1525 918 1594; x_wconf 76' lang='lat' dir='ltr'><strong>Theocritus</strong></span> <span class='ocrx_word' id='word_1_77' title='bbox 945 1526 1055 1593; x_wconf 86' lang='lat' dir='ltr'><strong>omnia</strong></span> <span class='ocrx_word' id='word_1_78' title='bbox 1077 1522 1272 1593; x_wconf 82' lang='lat' dir='ltr'><strong>Archilochi</strong></span> <span class='ocrx_word' id='word_1_79' title='bbox 1294 1545 1366 1590; x_wconf 87' lang='lat' dir='ltr'><strong>oar·</strong></span> 
     </span>
     <span class='ocr_line' id='line_1_12' title="bbox 220 1632 723 1720; baseline -0.008 -20"><span class='ocrx_word' id='word_1_80' title='bbox 220 1633 310 1700; x_wconf 87' lang='lat' dir='ltr'><strong>mine</strong></span> <span class='ocrx_word' id='word_1_81' title='bbox 333 1632 586 1720; x_wconf 89' lang='lat' dir='ltr'><strong>comprehendit</strong></span> <span class='ocrx_word' id='word_1_82' title='bbox 609 1655 658 1720; x_wconf 89' lang='lat' dir='ltr'><strong>ep.</strong></span> <span class='ocrx_word' id='word_1_83' title='bbox 683 1632 723 1697; x_wconf 81' lang='lat'><strong>21</strong></span> 
     </span>
     <span class='ocr_line' id='line_1_13' title="bbox 308 1737 1186 1829; baseline -0.001 -21"><span class='ocrx_word' id='word_1_84' title='bbox 308 1739 478 1829; x_wconf 82' lang='grc' dir='ltr'>Ἀρχίλοχον</span> <span class='ocrx_word' id='word_1_85' title='bbox 501 1740 550 1805; x_wconf 81' lang='grc' dir='ltr'><strong>καὶ</strong></span> <span class='ocrx_word' id='word_1_86' title='bbox 574 1742 662 1806; x_wconf 79' lang='grc' dir='ltr'>στᾶθι</span> <span class='ocrx_word' id='word_1_87' title='bbox 684 1739 734 1806; x_wconf 87' lang='grc' dir='ltr'><strong>καὶ</strong></span> <span class='ocrx_word' id='word_1_88' title='bbox 758 1737 851 1805; x_wconf 78' lang='grc' dir='ltr'>εἴσιδε</span> <span class='ocrx_word' id='word_1_89' title='bbox 873 1739 922 1806; x_wconf 88' lang='grc' dir='ltr'><strong>τὸν</strong></span> <span class='ocrx_word' id='word_1_90' title='bbox 945 1742 1037 1807; x_wconf 81' lang='grc' dir='ltr'>πάλαι</span> <span class='ocrx_word' id='word_1_91' title='bbox 1061 1737 1186 1826; x_wconf 81' lang='grc' dir='ltr'>ποιητᾶν</span> 
     </span>
     <span class='ocr_line' id='line_1_14' title="bbox 254 1847 969 1937; baseline -0.003 -23"><span class='ocrx_word' id='word_1_92' title='bbox 254 1895 259 1904; x_wconf 86' lang='lat'>-</span> <span class='ocrx_word' id='word_1_93' title='bbox 350 1849 398 1915; x_wconf 79' lang='grc' dir='ltr'><strong>τὸν</strong></span> <span class='ocrx_word' id='word_1_94' title='bbox 422 1858 481 1915; x_wconf 81' lang='grc' dir='ltr'><strong>τῶν</strong></span> <span class='ocrx_word' id='word_1_95' title='bbox 505 1850 621 1937; x_wconf 81' lang='grc' dir='ltr'>ἰάμβων</span> <span class='ocrx_word' id='word_1_96' title='bbox 645 1847 735 1914; x_wconf 81' lang='grc' dir='ltr'>οὔτὸ</span> <span class='ocrx_word' id='word_1_97' title='bbox 761 1847 861 1935; x_wconf 83' lang='grc' dir='ltr'>μύριον</span> <span class='ocrx_word' id='word_1_98' title='bbox 885 1849 969 1923; x_wconf 84' lang='grc' dir='ltr'>κλέος</span> 
     </span>
     <span class='ocr_line' id='line_1_15' title="bbox 396 1955 956 2044; baseline -0.002 -22"><span class='ocrx_word' id='word_1_99' title='bbox 396 1959 502 2044; x_wconf 76' lang='grc' dir='ltr'>διῆλθε</span> <span class='ocrx_word' id='word_1_100' title='bbox 525 1957 598 2043; x_wconf 77' lang='grc' dir='ltr'><strong>κήπὶ</strong></span> <span class='ocrx_word' id='word_1_101' title='bbox 618 1957 709 2022; x_wconf 82' lang='grc' dir='ltr'>νύκτα</span> <span class='ocrx_word' id='word_1_102' title='bbox 730 1955 782 2020; x_wconf 83' lang='grc' dir='ltr'><strong>καὶ</strong></span> <span class='ocrx_word' id='word_1_103' title='bbox 803 1956 876 2043; x_wconf 86' lang='grc' dir='ltr'>πρὸς</span> <span class='ocrx_word' id='word_1_104' title='bbox 899 1957 956 2022; x_wconf 82' lang='grc' dir='ltr'><strong>ἀῶ.</strong></span> 
     </span>
     <span class='ocr_line' id='line_1_16' title="bbox 304 2065 1227 2155; baseline 0 -23"><span class='ocrx_word' id='word_1_105' title='bbox 304 2069 324 2154; x_wconf 77' lang='grc' dir='ltr'>ἢ</span> <span class='ocrx_word' id='word_1_106' title='bbox 349 2068 385 2155; x_wconf 80' lang='lat' dir='ltr'><strong>‘poi</strong></span> <span class='ocrx_word' id='word_1_107' title='bbox 409 2093 455 2153; x_wconf 92' lang='grc' dir='ltr'><strong>μιν</strong></span> <span class='ocrx_word' id='word_1_108' title='bbox 479 2069 511 2132; x_wconf 79' lang='grc' dir='ltr'><strong>αἱ</strong></span> <span class='ocrx_word' id='word_1_109' title='bbox 537 2067 651 2133; x_wconf 83' lang='grc' dir='ltr'>Μοῖσαι</span> <span class='ocrx_word' id='word_1_110' title='bbox 672 2065 725 2133; x_wconf 80' lang='grc' dir='ltr'><strong>καὶ</strong></span> <span class='ocrx_word' id='word_1_111' title='bbox 748 2069 764 2130; x_wconf 79' lang='grc' dir='ltr'><strong>ὁ</strong></span> <span class='ocrx_word' id='word_1_112' title='bbox 789 2065 898 2140; x_wconf 85' lang='grc' dir='ltr'>Δάλιος</span> <span class='ocrx_word' id='word_1_113' title='bbox 920 2067 1053 2152; x_wconf 74' lang='grc' dir='ltr'>ἠράπευν</span> <span class='ocrx_word' id='word_1_114' title='bbox 1078 2065 1227 2133; x_wconf 82' lang='grc' dir='ltr'>Ἀπόλλων</span> 
     </span>
     <span class='ocr_line' id='line_1_17' title="bbox 350 2177 909 2264; baseline 0 -23"><span class='ocrx_word' id='word_1_115' title='bbox 350 2181 391 2250; x_wconf 83' lang='grc' dir='ltr'><strong>ὡς</strong></span> <span class='ocrx_word' id='word_1_116' title='bbox 414 2179 545 2264; x_wconf 74' lang='grc' dir='ltr'>ἐμμελὴς</span> <span class='ocrx_word' id='word_1_117' title='bbox 569 2178 594 2244; x_wconf 80' lang='grc' dir='ltr'><strong>τ’</strong></span> <span class='ocrx_word' id='word_1_118' title='bbox 618 2177 718 2262; x_wconf 79' lang='grc' dir='ltr'>ἔγεντο</span> <span class='ocrx_word' id='word_1_119' title='bbox 740 2177 909 2261; x_wconf 65' lang='lat' dir='ltr'><strong>abscidite&lt;</strong></span> 
     </span>
    </p>
   </div>
   <div class='ocr_carea' id='block_1_3' title="bbox 219 2283 1367 2594">
    <p class='ocr_par' dir='ltr' id='par_1_3' title="bbox 219 2283 1367 2594">
     <span class='ocr_line' id='line_1_18' title="bbox 396 2283 1037 2371; baseline 0 -21"><span class='ocrx_word' id='word_1_120' title='bbox 396 2285 470 2350; x_wconf 83' lang='grc' dir='ltr'>ἔπεά</span> <span class='ocrx_word' id='word_1_121' title='bbox 492 2309 523 2349; x_wconf 79' lang='grc' dir='ltr'><strong>τε</strong></span> <span class='ocrx_word' id='word_1_122' title='bbox 546 2288 640 2350; x_wconf 82' lang='grc' dir='ltr'>ποιεῖν</span> <span class='ocrx_word' id='word_1_123' title='bbox 663 2283 734 2371; x_wconf 84' lang='grc' dir='ltr'>πρὸς</span> <span class='ocrx_word' id='word_1_124' title='bbox 756 2285 847 2370; x_wconf 80' lang='grc' dir='ltr'>λύραν</span> <span class='ocrx_word' id='word_1_125' title='bbox 870 2285 893 2349; x_wconf 89' lang='grc' dir='ltr'><strong>τ’</strong></span> <span class='ocrx_word' id='word_1_126' title='bbox 919 2286 1037 2351; x_wconf 82' lang='grc' dir='ltr'>ἀείδειν.</span> 
     </span>
     <span class='ocr_line' id='line_1_19' title="bbox 221 2391 1367 2485; baseline -0.003 -23"><span class='ocrx_word' id='word_1_127' title='bbox 221 2396 329 2485; x_wconf 91' lang='lat' dir='ltr'><strong>primo</strong></span> <span class='ocrx_word' id='word_1_128' title='bbox 352 2394 461 2481; x_wconf 85' lang='lat' dir='ltr'><strong>igitur</strong></span> <span class='ocrx_word' id='word_1_129' title='bbox 484 2394 557 2460; x_wconf 90' lang='lat' dir='ltr'><strong>loco</strong></span> <span class='ocrx_word' id='word_1_130' title='bbox 579 2394 730 2460; x_wconf 89' lang='lat' dir='ltr'><strong>nominat</strong></span> <span class='ocrx_word' id='word_1_131' title='bbox 753 2393 949 2461; x_wconf 84' lang='lat' dir='ltr'><strong>Archilochi</strong></span> <span class='ocrx_word' id='word_1_132' title='bbox 973 2395 1116 2478; x_wconf 86' lang='lat' dir='ltr'><strong>iambos,</strong></span> <span class='ocrx_word' id='word_1_133' title='bbox 1149 2393 1269 2461; x_wconf 86' lang='lat' dir='ltr'><strong>deinde</strong></span> <span class='ocrx_word' id='word_1_134' title='bbox 1293 2391 1367 2460; x_wconf 82' lang='grc' dir='ltr'>ἔπεα</span> 
     </span>
     <span class='ocr_line' id='line_1_20' title="bbox 219 2491 1366 2594; baseline -0.005 -22"><span class='ocrx_word' id='word_1_135' title='bbox 219 2529 284 2594; x_wconf 89' lang='lat' dir='ltr'><strong>quo</strong></span> <span class='ocrx_word' id='word_1_136' title='bbox 326 2504 458 2572; x_wconf 91' lang='lat' dir='ltr'><strong>nomine</strong></span> <span class='ocrx_word' id='word_1_137' title='bbox 499 2503 601 2570; x_wconf 88' lang='lat' dir='ltr'><strong>etiam</strong></span> <span class='ocrx_word' id='word_1_138' title='bbox 636 2491 779 2589; x_wconf 81' lang='lat' dir='ltr'><strong>elegiam</strong></span> <span class='ocrx_word' id='word_1_139' title='bbox 812 2503 1047 2591; x_wconf 85' lang='lat' dir='ltr'><strong>comprehendi</strong></span> <span class='ocrx_word' id='word_1_140' title='bbox 1085 2501 1366 2570; x_wconf 85' lang='lat' dir='ltr'><strong>Wilamowitzius</strong></span> 
     </span>
    </p>
   </div>
   <div class='ocr_carea' id='block_1_4' title="bbox 216 2611 1369 4333">
    <p class='ocr_par' dir='ltr' id='par_1_4' title="bbox 219 2611 1366 2920">
     <span class='ocr_line' id='line_1_21' title="bbox 221 2611 1366 2701; baseline -0.003 -19"><span class='ocrx_word' id='word_1_141' title='bbox 221 2615 336 2682; x_wconf 90' lang='lat' dir='ltr'><strong>Herm.</strong></span> <span class='ocrx_word' id='word_1_142' title='bbox 354 2613 388 2680; x_wconf 89' lang='lat' dir='ltr'>X</span> <span class='ocrx_word' id='word_1_143' title='bbox 403 2614 468 2680; x_wconf 83' lang='lat'><strong>344</strong></span> <span class='ocrx_word' id='word_1_144' title='bbox 491 2614 657 2701; x_wconf 88' lang='lat' dir='ltr'><strong>exposuit,</strong></span> <span class='ocrx_word' id='word_1_145' title='bbox 682 2613 824 2700; x_wconf 89' lang='lat' dir='ltr'><strong>denique</strong></span> <span class='ocrx_word' id='word_1_146' title='bbox 843 2613 991 2680; x_wconf 89' lang='lat' dir='ltr'><strong>carmina</strong></span> <span class='ocrx_word' id='word_1_147' title='bbox 1013 2612 1125 2700; x_wconf 85' lang='lat' dir='ltr'><strong>lyrica</strong></span> <span class='ocrx_word' id='word_1_148' title='bbox 1147 2635 1211 2700; x_wconf 91' lang='lat' dir='ltr'><strong>quo</strong></span> <span class='ocrx_word' id='word_1_149' title='bbox 1234 2611 1366 2678; x_wconf 91' lang='lat' dir='ltr'><strong>nomine</strong></span> 
     </span>
     <span class='ocr_line' id='line_1_22' title="bbox 219 2719 1365 2809; baseline -0.004 -19"><span class='ocrx_word' id='word_1_150' title='bbox 219 2723 287 2790; x_wconf 92' lang='lat' dir='ltr'><strong>nisi</strong></span> <span class='ocrx_word' id='word_1_151' title='bbox 318 2722 423 2790; x_wconf 87' lang='lat' dir='ltr'><strong>fallor</strong></span> <span class='ocrx_word' id='word_1_152' title='bbox 445 2721 627 2789; x_wconf 88' lang='lat' dir='ltr'><strong>Iobacohos</strong></span> <span class='ocrx_word' id='word_1_153' title='bbox 659 2720 742 2789; x_wconf 88' lang='lat' dir='ltr'><strong>dicit</strong></span> <span class='ocrx_word' id='word_1_154' title='bbox 765 2721 799 2786; x_wconf 83' lang='lat' dir='ltr'><strong>fr</strong></span> <span class='ocrx_word' id='word_1_155' title='bbox 811 2721 875 2788; x_wconf 79' lang='lat'><strong>120</strong></span> <span class='ocrx_word' id='word_1_156' title='bbox 887 2743 926 2809; x_wconf 91' lang='lat' dir='ltr'><strong>sq</strong></span> <span class='ocrx_word' id='word_1_157' title='bbox 954 2723 995 2794; x_wconf 83' lang='grc' dir='ltr'><strong>εἰς</strong></span> <span class='ocrx_word' id='word_1_158' title='bbox 1019 2719 1190 2809; x_wconf 76' lang='grc' dir='ltr'>Ἀρχίλοχον</span> <span class='ocrx_word' id='word_1_159' title='bbox 1214 2725 1365 2808; x_wconf 80' lang='grc' dir='ltr'>ἀναφερο-</span> 
     </span>
     <span class='ocr_line' id='line_1_23' title="bbox 221 2833 335 2920; baseline 0.018 -24"><span class='ocrx_word' id='word_1_160' title='bbox 221 2833 335 2920; x_wconf 85' lang='grc' dir='ltr'>μένους.</span> 
     </span>
    </p>

    <p class='ocr_par' dir='ltr' id='par_1_5' title="bbox 216 2938 1369 4333">
     <span class='ocr_line' id='line_1_24' title="bbox 306 2938 1364 3028; baseline -0.002 -22"><span class='ocrx_word' id='word_1_161' title='bbox 306 2940 363 3007; x_wconf 94' lang='lat' dir='ltr'><strong>Ad</strong></span> <span class='ocrx_word' id='word_1_162' title='bbox 393 2938 632 3028; x_wconf 81' lang='lat' dir='ltr'><strong>grammaticos</strong></span> <span class='ocrx_word' id='word_1_163' title='bbox 664 2960 737 3006; x_wconf 91' lang='lat' dir='ltr'><strong>cum</strong></span> <span class='ocrx_word' id='word_1_164' title='bbox 759 2938 1032 3027; x_wconf 75' lang='lat' dir='ltr'><strong>transgredimur</strong></span> <span class='ocrx_word' id='word_1_165' title='bbox 1063 2961 1119 3006; x_wconf 85' lang='lat' dir='ltr'><strong>res</strong></span> <span class='ocrx_word' id='word_1_166' title='bbox 1142 2939 1238 3007; x_wconf 88' lang='lat' dir='ltr'><strong>nobis</strong></span> <span class='ocrx_word' id='word_1_167' title='bbox 1261 2938 1364 3006; x_wconf 87' lang='lat' dir='ltr'><strong>attin-</strong></span> 
     </span>
     <span class='ocr_line' id='line_1_25' title="bbox 218 3047 1364 3138; baseline -0.003 -22"><span class='ocrx_word' id='word_1_168' title='bbox 218 3050 327 3138; x_wconf 86' lang='lat' dir='ltr'><strong>genda</strong></span> <span class='ocrx_word' id='word_1_169' title='bbox 350 3053 403 3116; x_wconf 90' lang='lat' dir='ltr'><strong>est</strong></span> <span class='ocrx_word' id='word_1_170' title='bbox 427 3071 512 3136; x_wconf 88' lang='lat' dir='ltr'><strong>quae</strong></span> <span class='ocrx_word' id='word_1_171' title='bbox 534 3047 650 3114; x_wconf 86' lang='lat' dir='ltr'><strong>multis</strong></span> <span class='ocrx_word' id='word_1_172' title='bbox 675 3048 760 3115; x_wconf 87' lang='lat' dir='ltr'><strong>satis</strong></span> <span class='ocrx_word' id='word_1_173' title='bbox 782 3048 913 3116; x_wconf 89' lang='lat' dir='ltr'><strong>incerta</strong></span> <span class='ocrx_word' id='word_1_174' title='bbox 928 3049 1075 3131; x_wconf 90' lang='lat' dir='ltr'><strong>videtur,</strong></span> <span class='ocrx_word' id='word_1_175' title='bbox 1099 3070 1257 3115; x_wconf 90' lang='lat' dir='ltr'><strong>canonem</strong></span> <span class='ocrx_word' id='word_1_176' title='bbox 1280 3048 1364 3115; x_wconf 91' lang='lat' dir='ltr'><strong>dico.</strong></span> 
     </span>
     <span class='ocr_line' id='line_1_26' title="bbox 220 3155 1365 3247; baseline 0.001 -24"><span class='ocrx_word' id='word_1_177' title='bbox 220 3157 361 3240; x_wconf 76' lang='lat' dir='ltr'><strong>Quintil.</strong></span> <span class='ocrx_word' id='word_1_178' title='bbox 385 3157 443 3244; x_wconf 91' lang='lat' dir='ltr'><strong>qui</strong></span> <span class='ocrx_word' id='word_1_179' title='bbox 458 3157 491 3222; x_wconf 94' lang='lat' dir='ltr'>X</span> <span class='ocrx_word' id='word_1_180' title='bbox 510 3158 536 3240; x_wconf 89' lang='lat'><strong>1,</strong></span> <span class='ocrx_word' id='word_1_181' title='bbox 554 3157 597 3222; x_wconf 83' lang='lat'><strong>54</strong></span> <span class='ocrx_word' id='word_1_182' title='bbox 620 3155 661 3223; x_wconf 93' lang='lat' dir='ltr'><strong>de</strong></span> <span class='ocrx_word' id='word_1_183' title='bbox 681 3156 885 3224; x_wconf 86' lang='lat' dir='ltr'><strong>Aristarcho</strong></span> <span class='ocrx_word' id='word_1_184' title='bbox 909 3161 1012 3246; x_wconf 87' lang='lat' dir='ltr'><strong>atque</strong></span> <span class='ocrx_word' id='word_1_185' title='bbox 1035 3157 1266 3247; x_wconf 87' lang='lat' dir='ltr'><strong>Aristophane</strong></span> <span class='ocrx_word' id='word_1_186' title='bbox 1289 3179 1365 3244; x_wconf 91' lang='lat' dir='ltr'><strong>poe·</strong></span> 
     </span>
     <span class='ocr_line' id='line_1_27' title="bbox 217 3264 1367 3355; baseline 0 -22"><span class='ocrx_word' id='word_1_187' title='bbox 217 3273 331 3333; x_wconf 84' lang='lat' dir='ltr'><strong>tarum</strong></span> <span class='ocrx_word' id='word_1_188' title='bbox 354 3264 517 3332; x_wconf 89' lang='lat' dir='ltr'><strong>iudicibus</strong></span> <span class='ocrx_word' id='word_1_189' title='bbox 546 3265 651 3332; x_wconf 88' lang='lat' dir='ltr'><strong>verba</strong></span> <span class='ocrx_word' id='word_1_190' title='bbox 673 3265 757 3331; x_wconf 80' lang='lat' dir='ltr'><strong>facit</strong></span> <span class='ocrx_word' id='word_1_191' title='bbox 780 3265 823 3332; x_wconf 92' lang='lat' dir='ltr'><strong>ib.</strong></span> <span class='ocrx_word' id='word_1_192' title='bbox 840 3267 883 3333; x_wconf 81' lang='lat'><strong>59</strong></span> <span class='ocrx_word' id='word_1_193' title='bbox 905 3266 988 3332; x_wconf 89' lang='lat' dir='ltr'><strong>haec</strong></span> <span class='ocrx_word' id='word_1_194' title='bbox 1013 3269 1171 3355; x_wconf 85' lang='lat' dir='ltr'><strong>praebet:</strong></span> <span class='ocrx_word' id='word_1_195' title='bbox 1204 3289 1243 3332; x_wconf 86' lang='lat' dir='ltr'><strong>eu</strong></span> <span class='ocrx_word' id='word_1_196' title='bbox 1264 3268 1367 3333; x_wconf 79' lang='lat' dir='ltr'><strong>tribus</strong></span> 
     </span>
     <span class='ocr_line' id='line_1_28' title="bbox 216 3375 1365 3458; baseline 0.001 -20"><span class='ocrx_word' id='word_1_197' title='bbox 216 3377 346 3457; x_wconf 80' lang='lat' dir='ltr'><strong>receptis</strong></span> <span class='ocrx_word' id='word_1_198' title='bbox 379 3375 562 3440; x_wconf 77' lang='lat' dir='ltr'><strong>Aristarchi</strong></span> <span class='ocrx_word' id='word_1_199' title='bbox 604 3377 722 3441; x_wconf 83' lang='lat' dir='ltr'><strong>iudicio</strong></span> <span class='ocrx_word' id='word_1_200' title='bbox 764 3377 970 3458; x_wconf 69' lang='lat' dir='ltr'><strong>scriptoribus</strong></span> <span class='ocrx_word' id='word_1_201' title='bbox 1010 3378 1184 3442; x_wconf 75' lang='lat' dir='ltr'><strong>iamborum</strong></span> <span class='ocrx_word' id='word_1_202' title='bbox 1225 3377 1267 3441; x_wconf 84' lang='lat' dir='ltr'><strong>ad</strong></span> <span class='ocrx_word' id='word_1_203' title='bbox 1309 3377 1365 3447; x_wconf 76' lang='grc' dir='ltr'>ἕξιν</span> 
     </span>
     <span class='ocr_line' id='line_1_29' title="bbox 217 3484 1367 3565; baseline 0 -15"><span class='ocrx_word' id='word_1_204' title='bbox 217 3486 352 3550; x_wconf 76' lang='lat' dir='ltr'><strong>martiana</strong></span> <span class='ocrx_word' id='word_1_205' title='bbox 388 3485 557 3565; x_wconf 78' lang='lat' dir='ltr'><strong>pertinebit</strong></span> <span class='ocrx_word' id='word_1_206' title='bbox 598 3503 683 3548; x_wconf 88' lang='lat' dir='ltr'><strong>uuus</strong></span> <span class='ocrx_word' id='word_1_207' title='bbox 726 3487 941 3550; x_wconf 80' lang='lat' dir='ltr'><strong>Archilochus.</strong></span> <span class='ocrx_word' id='word_1_208' title='bbox 1000 3484 1086 3551; x_wconf 87' lang='lat' dir='ltr'><strong>unde</strong></span> <span class='ocrx_word' id='word_1_209' title='bbox 1118 3487 1291 3553; x_wconf 85' lang='lat' dir='ltr'><strong>Vsenerus</strong></span> <span class='ocrx_word' id='word_1_210' title='bbox 1331 3485 1367 3550; x_wconf 84' lang='lat' dir='ltr'><strong>in</strong></span> 
     </span>
     <span class='ocr_line' id='line_1_30' title="bbox 221 3590 1366 3681; baseline -0.004 -21"><span class='ocrx_word' id='word_1_211' title='bbox 221 3591 353 3681; x_wconf 83' lang='lat' dir='ltr'><strong>epilogo</strong></span> <span class='ocrx_word' id='word_1_212' title='bbox 385 3590 545 3677; x_wconf 88' lang='lat' dir='ltr'><strong>Dionysii</strong></span> <span class='ocrx_word' id='word_1_213' title='bbox 567 3618 597 3656; x_wconf 84' lang='grc' dir='ltr'><strong>κ.</strong></span> <span class='ocrx_word' id='word_1_214' title='bbox 624 3594 779 3677; x_wconf 72' lang='grc' dir='ltr'>μιμήσεως</span> <span class='ocrx_word' id='word_1_215' title='bbox 807 3591 923 3660; x_wconf 91' lang='lat' dir='ltr'><strong>libello</strong></span> <span class='ocrx_word' id='word_1_216' title='bbox 953 3592 1069 3660; x_wconf 87' lang='lat' dir='ltr'><strong>addito</strong></span> <span class='ocrx_word' id='word_1_217' title='bbox 1099 3593 1262 3679; x_wconf 82' lang='lat' dir='ltr'><strong>p138nl</strong></span> <span class='ocrx_word' id='word_1_218' title='bbox 1292 3611 1366 3658; x_wconf 89' lang='lat' dir='ltr'><strong>con-</strong></span> 
     </span>
     <span class='ocr_line' id='line_1_31' title="bbox 218 3700 1367 3788; baseline -0.002 -21"><span class='ocrx_word' id='word_1_219' title='bbox 218 3701 320 3768; x_wconf 76' lang='lat' dir='ltr'><strong>clusit</strong></span> <span class='ocrx_word' id='word_1_220' title='bbox 353 3700 593 3788; x_wconf 86' lang='lat' dir='ltr'><strong>Aristophanis</strong></span> <span class='ocrx_word' id='word_1_221' title='bbox 632 3700 816 3782; x_wconf 86' lang='lat' dir='ltr'><strong>,delectum’</strong></span> <span class='ocrx_word' id='word_1_222' title='bbox 857 3702 959 3768; x_wconf 87' lang='lat' dir='ltr'><strong>alium</strong></span> <span class='ocrx_word' id='word_1_223' title='bbox 998 3702 1104 3768; x_wconf 82' lang='lat' dir='ltr'><strong>fuisse</strong></span> <span class='ocrx_word' id='word_1_224' title='bbox 1138 3701 1251 3769; x_wconf 85' lang='lat' dir='ltr'><strong>verbis</strong></span> <span class='ocrx_word' id='word_1_225' title='bbox 1286 3702 1367 3767; x_wconf 83' lang='lat' dir='ltr'><strong>Ari-</strong></span> 
     </span>
     <span class='ocr_line' id='line_1_32' title="bbox 217 3808 1366 3896; baseline 0.001 -20"><span class='ocrx_word' id='word_1_226' title='bbox 217 3811 335 3876; x_wconf 79' lang='lat' dir='ltr'><strong>starchi</strong></span> <span class='ocrx_word' id='word_1_227' title='bbox 366 3812 481 3876; x_wconf 85' lang='lat' dir='ltr'><strong>iudicia</strong></span> <span class='ocrx_word' id='word_1_228' title='bbox 513 3814 552 3877; x_wconf 87' lang='lat' dir='ltr'><strong>ut</strong></span> <span class='ocrx_word' id='word_1_229' title='bbox 584 3808 665 3874; x_wconf 90' lang='lat' dir='ltr'><strong>mihi</strong></span> <span class='ocrx_word' id='word_1_230' title='bbox 696 3809 829 3896; x_wconf 87' lang='lat' dir='ltr'><strong>quidem</strong></span> <span class='ocrx_word' id='word_1_231' title='bbox 860 3810 998 3878; x_wconf 83' lang='lat' dir='ltr'><strong>videtur</strong></span> <span class='ocrx_word' id='word_1_232' title='bbox 1027 3831 1108 3877; x_wconf 90' lang='lat' dir='ltr'><strong>sono</strong></span> <span class='ocrx_word' id='word_1_233' title='bbox 1140 3809 1241 3875; x_wconf 80' lang='lat' dir='ltr'><strong>ninnio</strong></span> <span class='ocrx_word' id='word_1_234' title='bbox 1265 3808 1366 3877; x_wconf 87' lang='lat' dir='ltr'><strong>elatis</strong></span> 
     </span>
     <span class='ocr_line' id='line_1_33' title="bbox 220 3918 1367 4007; baseline 0 -23"><span class='ocrx_word' id='word_1_235' title='bbox 220 3941 305 4006; x_wconf 90' lang='lat' dir='ltr'><strong>quae</strong></span> <span class='ocrx_word' id='word_1_236' title='bbox 338 3942 405 3985; x_wconf 96' lang='lat' dir='ltr'><strong>non</strong></span> <span class='ocrx_word' id='word_1_237' title='bbox 443 3940 578 3985; x_wconf 91' lang='lat' dir='ltr'><strong>necesse</strong></span> <span class='ocrx_word' id='word_1_238' title='bbox 613 3922 667 3984; x_wconf 88' lang='lat' dir='ltr'><strong>est</strong></span> <span class='ocrx_word' id='word_1_239' title='bbox 700 3918 926 4006; x_wconf 88' lang='lat' dir='ltr'><strong>Aristophani</strong></span> <span class='ocrx_word' id='word_1_240' title='bbox 960 3918 1116 4007; x_wconf 88' lang='lat' dir='ltr'><strong>opposita</strong></span> <span class='ocrx_word' id='word_1_241' title='bbox 1150 3941 1232 3986; x_wconf 90' lang='lat' dir='ltr'><strong>esse.</strong></span> <span class='ocrx_word' id='word_1_242' title='bbox 1289 3939 1367 3986; x_wconf 81' lang='lat' dir='ltr'><strong>nam</strong></span> 
     </span>
     <span class='ocr_line' id='line_1_34' title="bbox 221 4025 1367 4116; baseline -0.001 -23"><span class='ocrx_word' id='word_1_243' title='bbox 221 4051 318 4116; x_wconf 90' lang='lat' dir='ltr'><strong>quem</strong></span> <span class='ocrx_word' id='word_1_244' title='bbox 339 4026 589 4114; x_wconf 85' lang='lat' dir='ltr'><strong>Aristophanes</strong></span> <span class='ocrx_word' id='word_1_245' title='bbox 620 4026 723 4092; x_wconf 89' lang='lat' dir='ltr'><strong>alium</strong></span> <span class='ocrx_word' id='word_1_246' title='bbox 753 4027 905 4115; x_wconf 89' lang='lat' dir='ltr'><strong>recipere</strong></span> <span class='ocrx_word' id='word_1_247' title='bbox 935 4029 1074 4115; x_wconf 89' lang='lat' dir='ltr'><strong>poterat</strong></span> <span class='ocrx_word' id='word_1_248' title='bbox 1105 4028 1192 4115; x_wconf 86' lang='lat' dir='ltr'><strong>(oum</strong></span> <span class='ocrx_word' id='word_1_249' title='bbox 1214 4025 1367 4092; x_wconf 89' lang='lat' dir='ltr'><strong>Ananias</strong></span> 
     </span>
     <span class='ocr_line' id='line_1_35' title="bbox 220 4135 1368 4225; baseline -0.001 -21"><span class='ocrx_word' id='word_1_250' title='bbox 220 4137 279 4204; x_wconf 84' lang='lat' dir='ltr'><strong>vix</strong></span> <span class='ocrx_word' id='word_1_251' title='bbox 312 4135 347 4201; x_wconf 93' lang='lat' dir='ltr'><strong>in</strong></span> <span class='ocrx_word' id='word_1_252' title='bbox 384 4154 517 4202; x_wconf 87' lang='lat' dir='ltr'><strong>censum</strong></span> <span class='ocrx_word' id='word_1_253' title='bbox 548 4135 677 4222; x_wconf 83' lang='lat' dir='ltr'><strong>veniat)</strong></span> <span class='ocrx_word' id='word_1_254' title='bbox 713 4141 851 4225; x_wconf 83' lang='lat' dir='ltr'><strong>praeter</strong></span> <span class='ocrx_word' id='word_1_255' title='bbox 888 4135 1126 4204; x_wconf 87' lang='lat' dir='ltr'><strong>Archilochum</strong></span> <span class='ocrx_word' id='word_1_256' title='bbox 1158 4135 1368 4205; x_wconf 81' lang='lat' dir='ltr'><strong>Semenidem</strong></span> 
     </span>
     <span class='ocr_line' id='line_1_36' title="bbox 221 4243 1369 4333; baseline 0.001 -22"><span class='ocrx_word' id='word_1_257' title='bbox 221 4245 467 4333; x_wconf 87' lang='lat' dir='ltr'><strong>Hipponactem</strong></span> <span class='ocrx_word' id='word_1_258' title='bbox 476 4245 501 4331; x_wconf 86' lang='lat'><strong>⁴)</strong></span> <span class='ocrx_word' id='word_1_259' title='bbox 539 4266 680 4333; x_wconf 89' lang='lat' dir='ltr'><strong>quorum</strong></span> <span class='ocrx_word' id='word_1_260' title='bbox 720 4245 855 4313; x_wconf 88' lang='lat' dir='ltr'><strong>nomina</strong></span> <span class='ocrx_word' id='word_1_261' title='bbox 888 4245 1037 4313; x_wconf 89' lang='lat' dir='ltr'><strong>omnibus</strong></span> <span class='ocrx_word' id='word_1_262' title='bbox 1070 4245 1151 4313; x_wconf 89' lang='lat' dir='ltr'><strong>locis</strong></span> <span class='ocrx_word' id='word_1_263' title='bbox 1183 4243 1369 4332; x_wconf 80' lang='lat' dir='ltr'><strong>legantur?</strong></span> 
     </span>
    </p>
   </div>
   <div class='ocr_carea' id='block_1_5' title="bbox 220 4467 1370 4637">
    <p class='ocr_par' dir='ltr' id='par_1_6' title="bbox 220 4467 1370 4637">
     <span class='ocr_line' id='line_1_37' title="bbox 295 4467 1370 4548; baseline -0.001 -24"><span class='ocrx_word' id='word_1_264' title='bbox 295 4472 323 4541; x_wconf 87' lang='lat'><strong>4)</strong></span> <span class='ocrx_word' id='word_1_265' title='bbox 341 4470 506 4536; x_wconf 84' lang='lat' dir='ltr'><strong>Kroehnert,</strong></span> <span class='ocrx_word' id='word_1_266' title='bbox 521 4482 676 4524; x_wconf 82' lang='lat' dir='ltr'><strong>canonesne</strong></span> <span class='ocrx_word' id='word_1_267' title='bbox 688 4467 820 4527; x_wconf 79' lang='lat' dir='ltr'><strong>luerunt?</strong></span> <span class='ocrx_word' id='word_1_268' title='bbox 848 4468 915 4528; x_wconf 81' lang='lat' dir='ltr'><strong>dies.</strong></span> <span class='ocrx_word' id='word_1_269' title='bbox 930 4470 1034 4548; x_wconf 70' lang='lat' dir='ltr'><strong>Regin.</strong></span> <span class='ocrx_word' id='word_1_270' title='bbox 1051 4471 1118 4527; x_wconf 74' lang='lat'><strong>1897</strong></span> <span class='ocrx_word' id='word_1_271' title='bbox 1139 4470 1216 4539; x_wconf 76' lang='lat' dir='ltr'><strong>pal⁴</strong></span> <span class='ocrx_word' id='word_1_272' title='bbox 1233 4470 1279 4538; x_wconf 88' lang='lat' dir='ltr'><strong>qui</strong></span> <span class='ocrx_word' id='word_1_273' title='bbox 1298 4469 1370 4524; x_wconf 86' lang='lat' dir='ltr'><strong>hanc</strong></span> 
     </span>
     <span class='ocr_line' id='line_1_38' title="bbox 220 4561 742 4637; baseline 0 -18"><span class='ocrx_word' id='word_1_274' title='bbox 220 4564 385 4637; x_wconf 80' lang='lat' dir='ltr'><strong>Quintiliani</strong></span> <span class='ocrx_word' id='word_1_275' title='bbox 404 4561 594 4617; x_wconf 83' lang='lat' dir='ltr'><strong>difficultatem</strong></span> <span class='ocrx_word' id='word_1_276' title='bbox 614 4564 742 4632; x_wconf 81' lang='lat' dir='ltr'><strong>neglexit.</strong></span> 
     </span>
    </p>
   </div>
   <div class='ocr_carea' id='block_1_6' title="bbox 0 0 1598 5106">
    <p class='ocr_par' dir='ltr' id='par_1_7' title="bbox 0 0 1598 5106">
     <span class='ocr_line' id='line_1_39' title="bbox 0 0 1598 5106; baseline 0 0"><span class='ocrx_word' id='word_1_277' title='bbox 0 0 1598 5106; x_wconf 95' lang='lat' dir='ltr'><strong> </strong></span> 
     </span>
    </p>
   </div>
  </div>
 </body>
</html>
