3186 5106
843 368 885 443 76

293 543 435 636 denique
458 546 547 637 apud
568 545 785 638 posteriores.
832 547 998 618 Homerus
1021 573 1083 641 pro
1104 548 1218 639 νύκτωρ
1234 548 1317 620 dicit
1332 550 1436 628 νυκτός

291 681 338 721 επι
362 657 443 722 νυκτί
488 658 544 724 drot
564 660 663 727 νύκτα.

373 767 476 852 πλέος]
499 769 671 842 Archo&
693 771 817 858 καρδίης
840 772 938 844 πλέος.
983 770 1073 860 apud
1089 771 1184 838 Hom.
1206 772 1315 840 forma
1333 776 1433 847 πλεῖος

285 876 500 965 usitatajest;
524 881 612 954 πλέος
633 887 729 950 extat
744 882 824 949 Hes.
839 882 947 949 Orsa
963 881 1057 945 πλέωι
1073 884 1166 967 ἤματι
1181 879 1378 954 Ρατανοῐι.9ι
1390 885 1433 952 D.

284 989 340 1050 πᾶν
364 987 453 1054 πλέον
476 989 554 1055 ἐστίν
577 991 734 1059 Herodl
749 993 811 1060 178
825 993 887 1058 194
909 996 998 1078 trag.
1010 990 1099 1058 Plat.
1111 992 1197 1058 Xen.
1210 1015 1218 1078 ς
1251 992 1341 1079 apud
1365 993 1431 1061 At·

284 1095 369 1166 ticos
394 1099 493 1176 πλέως
516 1105 552 1170 et
574 1104 691 1189 πλήρης
713 1102 848 1170 dicitur.
984 1164 988 1170 .

277 1247 283 1256 ·
371 1209 488 1299 σείριος]
514 1234 634 1279 nomen
657 1212 788 1295 stellae,
812 1212 901 1301 quod
923 1234 984 1300 pro
1003 1211 1074 1278 sole
1086 1210 1241 1279 adhibuit
1257 1211 1362 1279 Arch.
1374 1213 1428 1282 611

283 1320 390 1407 σείριος
412 1326 582 1404 καταυανεῐ,
606 1322 750 1410 primum
772 1322 901 1409 legitur
923 1322 1002 1388 Hes⁸
1019 1321 1055 1387 Ο.
1069 1322 1134 1387 417
1146 1321 1210 1387 587
1222 1321 1297 1389 609.

367 1430 523 1498 hocloco
548 1432 709 1499 subiciam
739 1432 936 1500 vocabulum
967 1431 1177 1499 rarissimum

222 1539 232 1578 ⁸
282 1540 466 1624 θέσσασθαι]
489 1540 661 1611 Archile
694 1535 874 1628 θεσσάμενοι
905 1540 1046 1628 γλυκερὸν
1070 1542 1172 1606 νόστον
1197 1563 1235 1609 eo
1260 1563 1340 1608 usus
1364 1548 1428 1610 cst.

279 1653 460 1736 praeterea
481 1651 609 1738 legitur
632 1652 666 1718 in
679 1652 845 1720 Hesiodeo
858 1652 892 1718 fr
903 1653 965 1717 137
992 1643 1175 1737 θεασάμενος
1197 1650 1301 1737 γενεὴν
1326 1651 1426 1716 Κλεο-

286 1759 371 1824 δαίου
394 1761 571 1846 κυδαλίμοιο
584 1761 680 1828 Pind.
698 1763 838 1832 N.V10
861 1760 1016 1850 (ἄρουραν)
1049 1759 1101 1826 τάν
1125 1760 1267 1848 εὔανδρον
1292 1811 1298 1826 .
1324 1811 1331 1823 .
1355 1761 1425 1826 θέσ·

282 1895 381 1936 σαντα.
403 1871 606 1955 ‘Hesiodum
637 1872 776 1960 respicit
799 1861 905 1960 Apoll
924 1872 965 1941 R.
981 1871 1072 1938 [824
1102 1870 1283 1958 θεσσάμενοι
1307 1871 1423 1937 παίδων

285 1981 369 2064 γένος
393 1982 482 2048 ὅσσον
506 1981 632 2048 ἔλειπτο.

370 2090 509 2159 Scutum
539 2101 673 2158 carmen
701 2090 905 2157 Archilocho
940 2090 1110 2158 recentius
1143 2091 1206 2158 hoc
1236 2090 1309 2158 loco
1333 2113 1354 2158 a
1376 2114 1427 2159 me

280 2224 347 2269 non
369 2205 446 2270 erat
468 2200 668 2286 curandum
692 2193 814 2290 inquo
839 2201 972 2287 αὐλητήρ
997 2203 1102 2283 extat,
1126 2201 1254 2294 V·P.91·

367 2333 409 2399 In
430 2332 493 2400 hac
515 2333 754 2400 vocabulorum
783 2332 927 2400 materia
949 2331 1151 2400 Archilocho
1181 2355 1255 2399 cnm
1276 2331 1424 2400 Hesiodo

280 2443 500 2510 communium
533 2444 662 2509 nullum
695 2445 801 2524 extat,
837 2465 901 2530 quo
935 2441 1146 2545 comprobari
1179 2441 1282 2509 liceat
1304 2441 1425 2509 Archi-

282 2553 414 2618 lochum
431 2552 527 2618 illum
542 2553 695 2620 consulto
714 2555 864 2619 secutum
880 2575 962 2619 esse.
1008 2551 1077 2618 alia
1093 2551 1200 2638 igitur
1214 2573 1423 2638 quaeramus,

278 2684 364 2750 quae
386 2661 426 2728 de
449 2661 510 2730 hac
537 2662 733 2751 quaestione
766 2660 923 2728 iudicium
955 2661 1148 2728 admittant.
1194 2665 1296 2749 atque
1318 2685 1420 2728 unum

278 2777 341 2852 est,
378 2771 464 2838 unde
494 2771 567 2838 inre
590 2772 625 2838 id
648 2771 835 2854 concludas,
867 2793 1065 2859 quamquam
1093 2793 1160 2836 non
1187 2770 1420 2839 certissimum,

276 2880 444 2948 Hesiodus
462 2881 524 2947 Th.
536 2881 599 2948 120
612 2904 674 2969 sqq
696 2880 798 2948 habet
810 2880 849 2966 31)
869 2872 959 2966 Ἔρος
984 2932 990 2945 .
1007 2932 1012 2944 .
1038 2884 1081 2945 λυ
1094 2907 1110 2944 o
1123 2905 1132 2944 ι
1146 2905 1191 2966 με
1203 2879 1247 2966 lh
1260 2907 1273 2954 ς
1304 2877 1420 2946 πάντων

275 3015 307 3054 τε
342 2991 419 3054 θεῶν
453 2983 570 3055 πάντων
603 2991 801 3077 τ’ἀνθρώπων
833 2983 979 3075 δάμναται
1013 2992 1043 3054 ἐν
1079 2991 1223 3075 στήθεσσι
1257 2991 1320 3055 νόον
1355 2992 1416 3056 κτλ.

274 3098 318 3166 ib.
332 3100 396 3166 910
419 3100 459 3167 de
483 3099 614 3168 Gratiis
646 3100 774 3186 legitur
797 3106 855 3164 τῶν
878 3098 928 3163 καὶ
953 3098 1010 3164 ἀπὸ
1036 3098 1197 3188 βλεφάρων
1228 3099 1294 3186 ἔρος
1326 3098 1422 3187 εἴβετο

277 3202 486 3295 δερκομενάων
509 3212 679 3296 λυσιμελής.
739 3209 854 3276 eodem
878 3208 1028 3296 epitheto
1051 3209 1216 3298 principio
1240 3209 1281 3276 de
1305 3232 1420 3276 somno

279 3317 369 3384 dicto
394 3319 465 3383 057
488 3319 584 3405 o343
608 3318 831 3386 Archilochus
844 3319 886 3384 85
915 3317 1074 3385 similiter
1102 3342 1183 3384 usus
1215 3321 1269 3385 est
1291 3316 1368 3383 ἀλλά
1393 3319 1422 3405 μ’

281 3427 480 3514 ὁλοσιμελης
503 3478 533 3490 ..
559 3430 703 3514 δάμναται
726 3429 836 3507 πόθος,
868 3427 927 3495 ie.
960 3450 1074 3495 vocem
1107 3428 1222 3496 eodem
1251 3428 1348 3494 modo
1380 3427 1424 3495 ad

278 3557 425 3604 amorem
455 3538 638 3605 transtulit
669 3561 733 3626 quo
767 3537 934 3604 Hesiodus
945 3536 994 3624 85).
1042 3536 1134 3603 cuius
1165 3541 1345 3605 concentus
1368 3537 1421 3605 vis

282 3669 321 3712 eo
345 3650 491 3732 augetur
515 3647 602 3734 quod
625 3647 727 3715 etiam
752 3640 898 3732 δάμναται
920 3648 1060 3713 verbum
1082 3646 1237 3714 adhibuit
1257 3647 1422 3715 sicutHe·

281 3754 405 3822 siodus
473 3756 635 3824 minorem
657 3755 777 3824 'contra
799 3757 856 3824 vel
877 3755 1005 3823 nnllam
1022 3756 1263 3825 auctoritatem
1279 3757 1422 3824 concedo

277 3865 381 3932 alteri
411 3870 609 3953 argumento
639 3873 718 3955 post
741 3868 915 3951 Heyerum
945 3887 966 3932 a
996 3865 1140 3933 Steitzio
1173 3864 1236 3953 (ed,
1253 3867 1318 3954 pu)
1345 3890 1423 3954 pro·

276 3975 387 4064 posito
400 3975 454 4063 ³⁶):
479 3998 555 4044 nam
577 3976 657 4045 Hes.
673 3977 709 4044 Ο.
724 3977 787 4043 213
808 3975 842 4041 σὺ
862 3978 887 4040 δ’
898 3973 988 4040 ἄκουε
1008 3977 1101 4061 δίκης,
1127 3976 1197 4063 μηδ’
1216 3976 1298 4064 ὕβριν
1314 3975 1424 4063 ὄφελλε

358 4289 404 4357 34)
424 4287 451 4341 cf
460 4287 598 4354 hargerus
614 4286 658 4340 ll.
673 4290 743 4356 p23.

356 4382 401 4452 35)
420 4382 486 4434 item
505 4381 660 4448 supploso
679 4381 733 4453 ἔρος
752 4379 842 4434 δἀδτί
863 4377 889 4450 μ’
911 4379 923 4432 δ
948 4379 1081 4450 λυσιμελὴς
1107 4377 1172 4431 δόνει
1191 4376 1340 4432 Hesiodum
1368 4379 1427 4432 imi·

285 4480 345 4532 tata
365 4490 425 4530 esse
444 4475 558 4529 videtur.
580 4505 609 4514 -
631 4475 752 4543 Theogn.
761 4476 814 4530 838
833 4473 934 4542 legitur
953 4472 1014 4544 δίψα
1034 4512 1040 4526 .
1060 4514 1066 4526 .
1085 4471 1227 4544 λυσιμελής.

356 4569 405 4646 36)
424 4570 479 4623 alia
498 4583 567 4638 quae
585 4568 633 4625 ille
652 4570 798 4644 proposuit
817 4585 870 4626 nou
890 4568 948 4625 sine
968 4581 1052 4626 causa
1072 4573 1228 4641 praetereo.
